feedcode,ticker,estimates_currency,estimates_reported_date,start_date_estimate,end_date_estimate,start_date_reported,end_date_reported,eps_estimate_contributors,net_sales_estimate_contributors,net_profit_estimate_contributors,ebit_estimate_contributors,ebitda_estimate_contributors,eps_contributors,net_sales_contributors,net_profit_contributors,ebit_contributors,ebitda_contributors,recommendation_buy,recommendation_overweight,recommendation_hold,recommendation_underweight,recommendation_sell,dividend_reported,dividend_estimate,dividend_estimate_contributors,cashflow_per_share,cashflow_per_share_estimate,cashflow_per_share_estimate_contributors,ebit,ebit_estimate,eps,eps_estimate,net_sales,net_sales_estimate,net_profit,net_profit_estimate,ebitda,ebitda_estimate,pe,pe_estimate
LSE,AAL,GBP,5/17/2017,1/1/2017,12/31/2017,1/1/2016,12/31/2016,27,22,20,22,24,,,,,,9,2,12,0,3,0,0.46875,22,2.97137,3.32117,10,3047780029,4498205078,1.39198,1.76891,18728599609,19545650391,1788530029,2311575195,4916439941,6281285156,,
LSE,ABF,GBP,5/17/2017,10/1/2016,9/30/2017,10/1/2015,9/30/2016,22,20,17,20,19,,,,,,13,0,8,0,1,0.3675,0.41,19,1.62008,1.69033,6,1118000000,1314044922,1.062,1.22589,13399000000,15083150391,840000000,969000000,1565000000,1838000000,,
LSE,AZN,GBP,5/17/2017,1/1/2017,12/31/2017,1/1/2016,12/31/2016,33,33,30,23,26,,,,,,18,2,14,1,4,2.26601,2.17327,30,2.67986,3.01449,15,5439240234,4848790039,3.48804,2.89663,18615300781,16830800781,4414680176,3629979980,6120259766,5521084961,,
LSE,BA.,GBP,5/17/2017,1/1/2017,12/31/2017,1/1/2016,12/31/2016,18,16,14,16,14,,,,,,11,2,4,0,2,0.213,0.21957,17,0.2932,0.40629,9,1905000000,2035775024,0.401,0.4315,19020000000,19793500000,913000000,1169000000,2163000000,2316669922,,
LSE,BARC,GBP,5/17/2017,1/1/2017,12/31/2017,1/1/2016,12/31/2016,23,19,17,6,0,,,,,,8,3,8,1,4,0.03,0.03,20,0,0,0,5322759766,7801000000,0.13125,0.1931,21451000000,22176000000,2237000000,3145159912,0,0,,
LSE,BATS,GBP,5/17/2017,1/1/2017,12/31/2017,1/1/2016,12/31/2016,18,10,9,10,10,,,,,,11,1,5,0,0,1.694,1.8827,16,2.3247,2.87712,6,5480000000,6266524902,2.475,2.89332,14751000000,16725500000,4839000000,5325000000,5900935059,6703500000,,
LSE,BLND,GBP,5/17/2017,4/1/2017,3/31/2018,4/1/2016,3/31/2017,16,6,6,7,7,,,,,,8,1,6,1,1,0.292,0.30054,14,0.35952,0.35785,4,535517029,523104980,0.36979,0.36195,643000000,622739990,-208414001,-371696503,535517029,518000000,,
LSE,BLT,GBP,5/17/2017,7/1/2016,6/30/2017,7/1/2015,6/30/2016,25,21,19,21,22,,,,,,7,0,13,1,3,0.23138,0.66156,22,1.52432,2.25968,9,2675551025,10757789063,0.17608,1.09759,23841701172,31024531250,-4924602539,5987039063,9517558594,16577042969,,
LSE,BOOT,GBP,5/17/2017,1/1/2017,12/31/2017,1/1/2016,12/31/2016,3,3,1,2,1,,,,,,2,1,0,0,0,0.07,0.075,3,0,0,0,40250000,41799999,0.213,0.23038,306806000,325399994,30546000,30428900,44799999,47400002,,
LSE,BP.,GBP,5/17/2017,1/1/2017,12/31/2017,1/1/2016,12/31/2016,31,14,25,25,19,,,,,,12,2,19,0,0,0.32372,0.30949,26,0.55671,0.78677,21,3419250000,9232309570,0.1116,0.26273,1.51018E+11,1.85165E+11,2092010010,5177759766,15127200195,21213900391,,
LSE,BT.A,GBP,5/17/2017,4/1/2017,3/31/2018,4/1/2016,3/31/2017,19,19,15,14,16,,,,,,10,1,9,0,2,0.154,0.1694,19,0.55665,0.47435,7,4135000000,4084839844,0.289,0.286,24062000000,24020000000,1908000000,2495000000,7645000000,7608365234,,
LSE,CCH,GBP,5/17/2017,1/1/2017,12/31/2017,1/1/2016,12/31/2016,19,18,17,18,17,,,,,,7,1,7,1,4,0.37558,0.42401,16,1.59623,1.70305,6,441737000,480905518,0.8297,0.94049,5308529785,5488484863,293638000,335449005,725559021,771343994,,
LSE,CNA,GBP,5/17/2017,1/1/2017,12/31/2017,1/1/2016,12/31/2016,19,16,16,16,15,,,,,,3,1,6,1,8,0.12,0.1236,18,0.40529,0.35557,8,1492000000,1512445068,0.168,0.16027,27102000000,28202099609,895000000,871935486,2433790039,2490000000,,
LSE,CPG,GBP,5/17/2017,10/1/2016,9/30/2017,10/1/2015,9/30/2016,24,22,19,20,19,,,,,,6,1,17,1,0,0.317,0.3397,17,0.88375,1.01394,7,1445000000,1702435059,0.61,0.72085,19871000000,22828550781,1004000000,1179000000,1840000000,2151000000,,
LSE,CPI,GBP,5/17/2017,1/1/2017,12/31/2017,1/1/2016,12/31/2016,18,16,10,14,15,,,,,,1,0,15,1,2,0.317,0.317,16,0.616,0.54641,6,541299988,526502014,0.5667,0.5417,4909200195,4676844727,376700012,365817993,640599976,628640015,,
LSE,DGE,GBP,5/17/2017,7/1/2016,6/30/2017,7/1/2015,6/30/2016,19,17,15,17,17,,,,,,11,0,8,0,3,0.592,0.6216,14,1.029,1.1626,5,3008000000,3592020020,0.89,1.0538,10485000000,11998000000,2362000000,2644649902,3481000000,4063000000,,
LSE,DMGT,GBP,5/17/2017,10/1/2016,9/30/2017,10/1/2015,9/30/2016,6,6,3,6,6,,,,,,3,0,3,0,1,0.22,0.2294,6,0.47893,0.7,1,277000000,234865494,0.547,0.52563,1917300049,1694349976,197800003,190738007,340799988,309442017,,
LSE,ECM,GBP,5/17/2017,4/1/2017,3/31/2018,4/1/2016,3/31/2017,11,9,4,8,8,,,,,,3,1,6,0,1,0.118,0.12,10,0.22198,0.26153,4,131550003,146696014,0.207,0.228,1481000000,1569000000,90684952,104349998,162787003,179111511,,
LSE,EMG,GBP,5/17/2017,1/1/2017,12/31/2017,1/1/2016,12/31/2016,16,14,11,11,13,,,,,,11,0,6,0,0,0.07284,0.0736,15,0.10521,0.13909,5,173350006,231029007,0.08417,0.11596,649859985,715464478,-215270996,184388000,186136002,246003006,,
LSE,GKN,GBP,5/17/2017,1/1/2017,12/31/2017,1/1/2016,12/31/2016,19,18,9,14,17,,,,,,11,1,6,0,2,0.0885,0.09276,18,0.4369,0.435,7,773000000,879500000,0.31,0.34431,8822000000,9679500000,242000000,461000000,1014000000,1162000000,,
LSE,GSK,GBP,5/17/2017,1/1/2017,12/31/2017,1/1/2016,12/31/2016,25,24,21,23,17,,,,,,14,1,13,0,2,0.8,0.8,21,1.27168,1.42488,11,7771000000,8532959961,1.024,1.1052,27889000000,30066500000,4978000000,5369000000,9557000000,10270000000,,
LSE,HAS,GBP,5/17/2017,7/1/2016,6/30/2017,7/1/2015,6/30/2016,19,16,13,16,16,,,,,,5,0,11,1,2,0.029,0.0305,11,0.08262,0.09768,7,181000000,209500504,0.0837,0.095,4231399902,4900825195,124500000,137632996,202899994,232563507,,
LSE,HSBA,GBP,5/17/2017,1/1/2017,12/31/2017,1/1/2016,12/31/2016,22,19,18,14,0,,,,,,4,0,16,1,1,0.41274,0.39487,21,0,0,0,15859599609,15833849609,0.50176,0.50092,38818398438,39115000000,1051260010,8250469727,0,0,,
LSE,III,GBP,5/17/2017,4/1/2017,3/31/2018,4/1/2016,3/31/2017,6,2,3,2,2,,,,,,4,0,2,0,0,0.24,0.2332,4,1.29608,0.7716,1,1323680054,812043457,1.2902,0.80622,1363880005,987828491,1244199951,813700012,1324180054,812043457,,
LSE,IOG,GBP,5/17/2017,1/1/2017,12/31/2017,1/1/2016,12/31/2016,1,1,0,0,1,,,,,,0,0,0,0,0,0,0,1,0,0,0,0,0,-0.004,-0.004,0,0,0,0,-500000,-500000,,
LSE,KGF,GBP,5/17/2017,2/1/2017,1/31/2018,2/1/2016,1/31/2017,21,18,14,17,14,,,,,,4,0,10,0,7,0.104,0.107,19,0.342,0.36725,6,793979004,737817993,0.244,0.23,11225000000,11681400391,551000000,493705505,1046969971,1001500000,,
LSE,LAND,GBP,5/17/2017,4/1/2017,3/31/2018,4/1/2016,3/31/2017,15,7,7,10,10,,,,,,6,1,8,1,0,0.3628,0.38,13,0.49588,0.48106,3,517359497,527033997,0.47535,0.50587,594049988,618500000,-278157990,-94000000,515809509,527634033,,
LSE,LGEN,GBP,5/17/2017,1/1/2017,12/31/2017,1/1/2016,12/31/2016,21,5,17,14,2,,,,,,8,0,8,0,5,0.1435,0.15354,19,-0.24723,-0.21029,1,1628500000,1688500000,0.2211,0.22259,10325000000,6961770020,1265000000,1330000000,1700469971,1698135010,,
LSE,LLOY,GBP,5/17/2017,1/1/2017,12/31/2017,1/1/2016,12/31/2016,26,22,15,14,0,,,,,,13,1,6,1,5,0.0305,0.03803,23,0,0,0,8512000000,8885500000,0.07204,0.07385,17267000000,17978500000,2413000000,3938000000,0,0,,
LSE,MKS,GBP,5/17/2017,4/1/2017,3/31/2018,4/1/2016,3/31/2017,22,20,14,16,17,,,,,,7,0,6,3,8,0.187,0.187,21,0.58369,0.56369,8,681150024,667549988,0.29292,0.28475,10585599609,10754949219,476063477,460857483,1265000000,1252790039,,
LSE,MRW,GBP,5/17/2017,2/1/2017,1/31/2018,2/1/2016,1/31/2017,19,16,14,16,16,,,,,,1,1,9,1,7,0.0543,0.0595,17,0.42156,0.34203,8,432000000,447644501,0.1073,0.12096,16317000000,16985699219,305000000,283466003,831000000,875744995,,
LSE,NXT,GBP,5/17/2017,2/1/2017,1/31/2018,2/1/2016,1/31/2017,22,20,15,18,18,,,,,,3,0,14,0,5,1.58,1.58,8,4.65347,4.81388,8,827688965,752742004,4.381,4.0063,4097299805,4088549805,635299988,579599976,944000000,861986450,,
LSE,OML,GBP,5/17/2017,1/1/2017,12/31/2017,1/1/2016,12/31/2016,8,3,9,5,0,,,,,,3,0,5,1,2,0.0606,0.0769,11,0.10326,0.06873,1,1667000000,2016540039,0.194,0.22623,3868000000,5195839844,570000000,971960022,0,0,,
LSE,PRU,GBP,5/17/2017,1/1/2017,12/31/2017,1/1/2016,12/31/2016,21,3,17,14,2,,,,,,16,1,5,0,0,0.435,0.46594,20,0.57,0.53,1,4256000000,4544000000,1.313,1.40558,36961000000,37042898438,1921000000,3589000000,3795850098,4414639648,,
LSE,PSON,GBP,5/17/2017,1/1/2017,12/31/2017,1/1/2016,12/31/2016,20,18,13,18,17,,,,,,0,1,13,2,6,0.52,0.2345,17,0.7744,0.61486,8,635000000,572500000,0.588,0.4886,4552000000,4645344727,479000000,398000000,785000000,702000000,,
LSE,RB.,GBP,5/17/2017,1/1/2017,12/31/2017,1/1/2016,12/31/2016,22,19,18,19,19,,,,,,11,3,6,0,2,1.532,1.69317,20,3.37194,3.62543,9,2777000000,3098000000,3.02,3.34653,9891000000,10922000000,1832000000,2353000000,2960000000,3285000000,,
LSE,RBS,GBP,5/17/2017,1/1/2017,12/31/2017,1/1/2016,12/31/2016,21,19,13,11,0,,,,,,4,0,10,2,8,0,0,18,0,0,0,3913000000,4691000000,0.052,0.20644,12123000000,12400000000,-6955000000,-806528992,0,0,,
LSE,RIO,GBP,5/17/2017,1/1/2017,12/31/2017,1/1/2016,12/31/2016,28,22,20,21,24,,,,,,17,1,6,1,2,1.37579,2.11226,23,4.24472,5.9875,11,6628089844,10655799805,2.29676,3.73048,27338599609,31280449219,3736489990,6528625000,10933500000,14154150391,,
LSE,RR.,GBP,5/17/2017,1/1/2017,12/31/2017,1/1/2016,12/31/2016,20,18,13,18,16,,,,,,4,0,7,3,8,0.117,0.12287,18,0.61793,0.6943,7,915000000,921461487,0.3013,0.33715,14955000000,14288500000,552000000,608820984,1969000000,1800114990,,
LSE,RSA,GBP,5/17/2017,1/1/2017,12/31/2017,1/1/2016,12/31/2016,19,14,15,11,3,,,,,,8,0,9,1,1,0.16,0.21,17,0.47599,1.44563,1,655000000,697000000,0.395,0.436,6408000000,6535129883,20000000,418816986,210000000,638830017,,
LSE,RTO,GBP,5/17/2017,1/1/2017,12/31/2017,1/1/2016,12/31/2016,13,11,8,8,10,,,,,,8,1,2,1,1,0.0337,0.03783,13,0.20381,0.22754,7,284200012,304500000,0.1063,0.1197,2168100098,2327899902,195899994,220496002,480750000,510649994,,
LSE,SBRY,GBP,5/17/2017,4/1/2017,3/31/2018,4/1/2016,3/31/2017,19,16,14,16,16,,,,,,4,2,8,1,4,0.102,0.10147,17,0.52988,0.51339,8,688000000,673023560,0.204,0.19013,26224000000,28036900391,359000000,417500000,1316000000,1395625000,,
LSE,SDR,GBP,5/17/2017,1/1/2017,12/31/2017,1/1/2016,12/31/2016,19,15,11,12,11,,,,,,8,1,10,0,1,0.93,0.99,16,2.00962,2.1831,5,619949951,680402954,1.824,1.974,1712800049,1947500000,490200012,546599976,642050049,699773010,,
LSE,SDRC,GBP,12/27/2015,1/1/2015,12/31/2015,1/1/2014,12/31/2014,16,15,12,13,12,,,,,,6,0,10,0,0,0.78,0.85,15,1.83751,1.83031,4,544099976,571984985,1.615,1.71295,1531199951,1604900024,413200012,463358521,554000000,585599976,,
LSE,SGE,GBP,5/17/2017,10/1/2016,9/30/2017,10/1/2015,9/30/2016,19,19,11,17,18,,,,,,8,2,5,0,6,0.1415,0.15424,19,0.26434,0.32919,6,420848999,452437988,0.2784,0.3241,1569099976,1803160034,207600006,267225006,458399994,514184998,,
LSE,SHP,GBP,5/17/2017,1/1/2017,12/31/2017,1/1/2016,12/31/2016,27,25,25,22,16,,,,,,20,1,3,0,0,0.24279,0.26459,14,2.84168,3.58682,8,3574790039,4677225098,3.53386,3.89267,9223160156,11792400391,2744300049,3556649902,3811840088,5025150391,,
LSE,SMIN,GBP,5/17/2017,8/1/2016,7/31/2017,8/1/2015,7/31/2016,15,15,15,15,14,,,,,,8,1,5,0,1,0.42,0.4326,15,0.90611,1.26757,6,496000000,559650024,0.843,0.9373,2949000000,3302000000,259000000,388230011,563000000,662585999,,
LSE,SN.,GBP,5/17/2017,1/1/2017,12/31/2017,1/1/2016,12/31/2016,16,16,15,14,12,,,,,,4,3,10,0,0,0.25088,0.24712,15,0.78501,0.95679,7,648241028,734853027,0.66847,0.65345,3778570068,3690655029,634482971,499813995,1068260010,1069410034,,
LSE,SSE,GBP,5/17/2017,4/1/2017,3/31/2018,4/1/2016,3/31/2017,15,15,15,15,15,,,,,,8,0,9,0,1,0.91302,0.9433,16,1.9854,2.02891,6,1745060059,1768000000,1.2346,1.178,29521699219,30593000000,1213000000,1116599976,2320000000,2421000000,,
LSE,STAN,GBP,5/17/2017,1/1/2017,12/31/2017,1/1/2016,12/31/2016,24,20,17,13,0,,,,,,2,1,7,2,8,0,0.11668,21,0,0,0,3108484863,3577070068,0.02752,0.37203,11378599609,11375250000,-386841003,1220089966,0,0,,
LSE,SVT,GBP,5/17/2017,4/1/2017,3/31/2018,4/1/2016,3/31/2017,8,5,5,5,6,,,,,,2,0,2,1,3,0.815,0.833,7,2.2362,2.50306,4,513700989,533000000,1.06746,1.09022,1799930054,1891000000,251332001,255113007,840188477,882500000,,
LSE,TSCO,GBP,5/17/2017,3/1/2017,2/28/2018,2/29/2016,2/28/2017,17,15,14,16,15,,,,,,5,2,4,1,6,0,0.03,13,0.24224,0.27571,7,1280000000,1488500000,0.0675,0.09501,55917000000,57444101563,-40000000,724442505,2584000000,2830000000,,
LSE,UBM,GBP,5/17/2017,1/1/2017,12/31/2017,1/1/2016,12/31/2016,19,16,12,15,16,,,,,,2,2,12,2,1,0.22,0.2285,18,0.37759,0.5638,8,234899994,283000000,0.397,0.5071,966000000,1001799988,166300003,202100006,252000000,305450012,,
LSE,ULVR,GBP,5/17/2017,1/1/2017,12/31/2017,1/1/2016,12/31/2016,20,16,13,16,16,,,,,,8,2,10,0,1,1.08719,1.20287,16,2.07538,2.42287,7,6868060059,7630964844,1.60476,1.81584,44995699219,47576699219,4425049805,4949270020,7972049805,8902905273,,
LSE,UU.,GBP,5/17/2017,4/1/2017,3/31/2018,4/1/2016,3/31/2017,13,10,10,10,9,,,,,,4,0,5,1,3,0.3895,0.3986,12,1.0376,1.01252,7,614483032,632729004,0.44948,0.435,1702505005,1740625000,311460999,296561005,981000000,1015169983,,
LSE,VOD,GBP,5/17/2017,4/1/2017,3/31/2018,4/1/2016,3/31/2017,20,21,17,19,19,,,,,,14,1,8,0,2,0.12605,0.12648,20,0.43183,0.38757,7,3708030029,3808290039,0.05457,0.06771,45787000000,44522601563,1454810059,1683150024,13231049805,12666299805,,
LSE,WOS,GBP,5/17/2017,8/1/2016,7/31/2017,8/1/2015,7/31/2016,23,20,15,19,18,,,,,,6,0,16,0,1,1,1.121,20,3.10336,3.38474,10,916000000,1103000000,2.462,2.99982,14430000000,17183199219,628000000,761556030,1056000000,1255550049,,
LSE,WPP,GBP,5/17/2017,1/1/2017,12/31/2017,1/1/2016,12/31/2016,30,27,21,20,24,,,,,,17,3,10,0,1,0.566,0.626,25,1.38855,1.56964,12,2160000000,2384885010,1.132,1.25361,14388900391,13973000000,1400099976,1597900024,2419000000,2648635010,,
LSE,LSE,GBP,5/17/2017,1/1/2017,12/31/2017,1/1/2016,12/31/2016,15,13,13,13,13,,,,,,9,1,5,0,0,0.4,0.4709,14,1.01303,1.88693,5,688349976,807708984,1.272,1.47,1905099976,1789000000,452600006,528400024,770799988,894700012,,
LSE,SCPA,GBP,5/17/2017,4/1/2017,3/31/2018,4/1/2016,3/31/2017,4,4,2,4,4,,,,,,2,2,0,0,0,0.0225,0.0255,4,0.14624,0.14108,1,28013149,30752300,0.13936,0.14974,275399994,288700012,20962851,22873350,34667549,38110847,,
LSE,FPM,GBP,5/17/2017,1/1/2017,12/31/2017,1/1/2016,12/31/2016,7,9,5,8,9,,,,,,10,0,3,0,0,0,0,8,0.042,0.28856,4,-56799999,2900000,-0.105,-0.005,94778999,200000000,-32808998,-1200000,8770000,51134998,,
LSE,GFM,GBP,5/17/2017,1/1/2017,12/31/2017,1/1/2016,12/31/2016,2,2,1,2,2,,,,,,2,0,0,0,0,0,0,2,0,0,0,12301200,24175850,0.02638,0.07335,53631599,82364601,4786140,22387100,19746599,30446951,,
LSE,SHB,GBP,5/17/2017,10/1/2016,9/30/2017,10/1/2015,9/30/2016,11,4,4,5,5,,,,,,3,0,4,1,2,0.147,0.154,9,0.15245,0.167,1,76500000,81139999,0.14,0.165,84099998,95225754,99099998,74298004,76599998,82403999,,
LSE,LOOK,GBP,5/17/2017,1/1/2017,12/31/2017,1/1/2016,12/31/2016,7,8,3,7,8,,,,,,6,0,0,0,0,0.036,0.0386,8,0.22209,0.14128,2,94699997,91500000,0.1587,0.1542,4281700195,4499044922,81300003,56299999,113599998,114500000,,
LSE,PZC,GBP,5/17/2017,6/1/2016,5/31/2017,6/1/2015,5/31/2016,3,3,2,3,3,,,,,,1,0,2,0,0,0.0811,0.0826,3,0.19866,0,0,106900002,102300003,0.1721,0.1686,821200012,797900024,67699997,61599998,127099998,124800003,,
LSE,CTO,GBP,5/17/2017,1/1/2017,12/31/2017,1/1/2016,12/31/2016,1,1,0,1,1,,,,,,0,0,0,0,0,0.032,0.03456,1,0,0,0,6900000,7210830,0.112,0.11922,278600006,310032990,2400000,0,7400000,7710830,,
LSE,FENR,GBP,5/17/2017,9/1/2016,8/31/2017,9/1/2015,8/31/2016,10,9,6,8,8,,,,,,5,0,3,0,1,0.03,0.042,10,0.15036,0.22302,2,37099998,52112499,0.084,0.14723,572500000,622400024,-26299999,18169800,61276947,78727005,,
LSE,JMAT,GBP,5/17/2017,4/1/2017,3/31/2018,4/1/2016,3/31/2017,19,12,13,15,16,,,,,,7,1,10,0,1,0.78373,0.85295,16,2.24165,2.95024,6,498898987,534651001,2.0369,2.17,3514000000,3699500000,381200012,408000000,660355957,705905029,,
LSE,FDL,GBP,5/17/2017,4/1/2017,3/31/2018,4/1/2016,3/31/2017,2,2,1,2,2,,,,,,0,0,0,0,0,0,0,2,0,0,0,34033699,39076099,0.20729,0.2471,451678497,487595520,17316999,22122999,43261200,48943100,,
LSE,RPC,GBP,5/17/2017,4/1/2017,3/31/2018,4/1/2016,3/31/2017,9,9,8,9,9,,,,,,9,0,0,0,0,0.219,0.244,9,0.51939,0.70377,4,293838989,396000000,0.578,0.676,2710000000,3665800049,135350006,256723999,421000000,563895996,,
LSE,ADN,GBP,5/17/2017,10/1/2016,9/30/2017,10/1/2015,9/30/2016,13,12,7,7,10,,,,,,3,1,9,0,3,0.195,0.195,13,0.28029,0.29139,7,328100006,359600006,0.2067,0.215,1007099976,1063474976,270200012,286220001,336200012,364356995,,
LSE,ELM,GBP,5/17/2017,1/1/2017,12/31/2017,1/1/2016,12/31/2016,10,10,8,10,10,,,,,,5,1,4,0,0,0.13596,0.07021,10,0.20617,0.21083,3,76235100,95804794,0.13596,0.15244,533726990,619392456,55112701,70452454,98895302,120439499,,
LSE,ERM,GBP,5/17/2017,10/1/2016,9/30/2017,10/1/2015,9/30/2016,5,5,3,5,5,,,,,,1,1,2,0,0,0.234,0.25244,5,0.65294,0.75991,2,101400002,103599998,0.6651,0.72054,403112000,423738007,30743999,64534103,107900002,110695999,,
LSE,SPA,GBP,4/23/2017,2/1/2017,1/31/2018,2/1/2016,1/31/2017,1,1,0,1,1,,,,,,0,0,0,0,0,0,0,1,0,0,0,2178430,2569240,0.00258,0.00308,26435699,26586201,0,0,4278430,4669240,,
LSE,WTB,GBP,5/17/2017,3/1/2017,2/28/2018,2/29/2016,2/28/2017,23,21,14,21,17,,,,,,8,1,10,1,2,0.958,1.015,19,3.57411,3.72469,7,592000000,621700012,2.4595,2.5518,3106000000,3362000000,421600006,462279480,806799988,848799988,,
LSE,DVO,GBP,5/17/2017,1/1/2017,12/31/2017,1/1/2016,12/31/2016,6,6,4,5,6,,,,,,1,0,5,0,0,0.088,0.088,6,0.1423,0.2,3,38099998,38487900,0.132,0.1395,241100006,249228500,2200000,22100000,61099998,62543949,,
LSE,ZPG,GBP,5/17/2017,10/1/2016,9/30/2017,10/1/2015,9/30/2016,16,14,10,14,14,,,,,,6,2,7,0,1,0.052,0.0576,14,0.16037,0.14671,4,66351997,80877998,0.125,0.13955,197727997,238264008,36678001,35950001,77099998,92811996,,
LSE,ADL,GBP,3/26/2017,5/1/2016,4/30/2017,5/1/2015,4/30/2016,1,1,1,1,1,,,,,,1,0,0,0,0,0,0,1,0,0,0,-3917000000,-2924000000,-0.00468,-0.001,0,0,-3170500,-3464899902,-3901399902,-2903100098,,
LSE,ARL,GBP,5/17/2017,1/1/2017,12/31/2017,1/1/2016,12/31/2016,1,1,1,1,1,,,,,,1,0,0,0,0,0,0,1,-0.00076,-0.00062,1,-8509000,-7704000,-0.09216,-0.08304,235000,3636000,-9659000,-9716000,-6861000,-5232000,,
LSE,EPO,GBP,5/17/2017,7/1/2016,6/30/2017,7/1/2015,6/30/2016,1,1,0,1,0,,,,,,0,0,0,0,0,0,0,1,0,0,0,-10435000,-5333170,-0.0174,-0.0112,22771999,30682699,-8215000,0,0,0,,
LSE,FLO,GBP,5/17/2017,1/1/2017,12/31/2017,1/1/2016,12/31/2016,3,3,3,3,2,,,,,,2,0,0,0,0,0.0551,0.058,3,0,0,0,7454000,8400000,0.1008,0.129,53779999,65500000,4290000,5400000,7990000,8950001,,
LSE,FPO,GBP,5/17/2017,4/1/2017,3/31/2018,4/1/2016,3/31/2017,1,1,0,1,1,,,,,,1,0,0,0,0,0.0155,0.016,1,0,0,0,11500000,11600000,0.056,0.06,21900000,22400000,0,0,13200000,13300000,,
LSE,VTC,GBP,5/17/2017,1/1/2017,12/31/2017,1/1/2016,12/31/2016,4,4,1,3,4,,,,,,4,0,0,0,0,0.272,0.2845,4,1.4262,0.68178,1,41500000,43299999,0.612,0.6545,376200012,384350006,9000000,21900000,59900002,60949997,,
LSE,ZTF,GBP,5/17/2017,1/1/2017,12/31/2017,1/1/2016,12/31/2016,4,4,1,3,4,,,,,,4,1,0,0,0,0.058,0.0595,4,-0.17369,0.0357,1,8100000,9100000,0.1307,0.153,57375999,63960400,5795000,6500000,11292351,12950001,,
LSE,MBH,GBP,5/17/2017,1/1/2017,12/31/2017,1/1/2016,12/31/2016,1,1,1,1,1,,,,,,1,0,0,0,0,0.02,0.0204,1,0,0,0,4800000,4400000,0.0436,0.044,30056999,30799999,3559000,3400000,5800000,5600000,,
LSE,ALM,GBP,5/17/2017,1/1/2017,12/31/2017,1/1/2016,12/31/2016,2,2,2,2,1,,,,,,0,0,3,0,0,0,0,1,-0.35609,-0.34895,1,-92137695,-91711548,-0.35609,-0.30389,2155950,1704755,-77961403,-71343750,-86594101,-89174896,,
LSE,MPH,GBP,5/17/2017,1/1/2017,12/31/2017,1/1/2016,12/31/2016,2,2,2,2,1,,,,,,2,0,0,0,0,0,0,2,0,0,0,-38250000,-49849998,-0.51,-0.6305,0,0,-28390200,-42150002,-38500000,-51700001,,
LSE,AVM,GBP,4/30/2017,1/1/2017,12/31/2017,1/1/2016,12/31/2016,1,1,1,1,1,,,,,,0,0,0,0,0,0,0,1,0,0,0,-14724500,32458401,-0.55192,1.11195,94685402,103733002,-11265900,22697399,-160204,46425999,,
LSE,TRB,GBP,5/17/2017,1/1/2017,12/31/2017,1/1/2016,12/31/2016,3,4,1,3,2,,,,,,1,0,0,0,0,0,0,2,0,0,0,4700000,7200000,0.019,0.026,90254997,82900002,-1157000,2600000,7916500,10353849,,
LSE,CLI,GBP,5/17/2017,1/1/2017,12/31/2017,1/1/2016,12/31/2016,3,2,2,2,1,,,,,,3,0,0,0,0,0.0575,0.063,3,0,0,0,96050003,62431953,0.123,0.11379,107099998,117268501,97800003,62200001,73000000,62063900,,
LSE,SRE,GBP,5/17/2017,4/1/2017,3/31/2018,4/1/2016,3/31/2017,3,3,2,2,1,,,,,,3,0,0,0,0,0.02475,0.02767,3,0.03854,0.04021,1,38804848,41991550,0.03585,0.04024,43021400,48115898,46447052,51837551,55412498,58346001,,
LSE,SPE,GBP,5/17/2017,1/1/2017,12/31/2017,1/1/2016,12/31/2016,2,2,1,2,2,,,,,,0,0,0,0,0,0,0,2,0,0,0,2457410,2464415,0.35892,0.23791,18777901,20757601,3487230,2235440,4250795,4313445,,
LSE,CTI,GBP,12/13/2015,1/1/2015,12/31/2015,1/1/2014,12/31/2014,1,1,0,1,1,,,,,,0,0,0,0,0,0,0,1,0,0,0,10101600,4306350,-0.00218,-0.01088,96214798,87501198,-831810,0,14725600,9002310,,
LSE,HRN,GBP,5/17/2017,4/1/2017,3/31/2018,4/1/2016,3/31/2017,1,1,0,0,0,,,,,,1,0,0,0,0,0,0,1,0,0,0,0,0,-0.06,0.0046,45400002,45000000,0,0,0,0,,
LSE,PTD,GBP,12/27/2015,1/1/2015,12/31/2015,1/1/2014,12/31/2014,1,1,0,1,1,,,,,,1,0,0,0,0,0,0,1,0,0,0,2000000,1900000,0.11935,0.11,34729000,31500000,1115000,0,2400000,2400000,,
LSE,HVN,GBP,5/17/2017,2/1/2017,1/31/2018,2/1/2016,1/31/2017,1,1,1,1,1,,,,,,1,0,0,0,0,0.041,0.043,1,0,0,0,9300000,9800000,0.0886,0.091,784328003,777000000,5979000,5900000,10700000,11100000,,
LSE,TTG,GBP,5/17/2017,1/1/2017,12/31/2017,1/1/2016,12/31/2016,6,6,6,6,6,,,,,,7,0,0,0,0,0.056,0.058,6,-0.00925,0.08077,1,31299999,34400002,0.12,0.137,569900024,600551025,16700001,19200001,54900002,57599998,,
LSE,RLE,GBP,5/17/2017,1/1/2017,12/31/2017,1/1/2016,12/31/2016,1,1,1,1,1,,,,,,1,0,0,0,0,0.026,0.03,1,0,0,0,8850000,10614500,0.028,0.03423,13453000,15129300,8082000,13800000,8854000,10618500,,
LSE,UDG,GBP,5/17/2017,10/1/2016,9/30/2017,10/1/2015,9/30/2016,9,9,6,9,9,,,,,,5,1,3,0,0,0.09849,0.10818,9,0.14025,0.39291,3,88470703,99559998,0.30007,0.27575,799182983,874620972,59995499,68299599,104919495,117282997,,
LSE,UNG,GBP,5/17/2017,1/1/2017,12/31/2017,1/1/2016,12/31/2016,1,1,1,1,1,,,,,,0,0,0,0,0,0,0,1,0,0,0,2352000,2627960,0.0076,0.009,19712000,21978800,1835000,2100000,3837000,4200000,,
LSE,APH,GBP,5/17/2017,1/1/2017,12/31/2017,1/1/2016,12/31/2016,2,2,2,2,2,,,,,,2,0,0,0,0,0.01155,0.01265,2,0,0,0,25799999,27400000,0.0382,0.04076,97491997,103150002,18091999,20700001,26217501,28109451,,
LSE,UTG,GBP,5/17/2017,1/1/2017,12/31/2017,1/1/2016,12/31/2016,8,3,3,5,5,,,,,,4,2,1,0,1,0.18,0.222,7,0,0,0,100599998,103776001,0.277,0.29665,120699997,165908005,224000000,145199997,107199997,108176003,,
LSE,EZJ,GBP,5/17/2017,10/1/2016,9/30/2017,10/1/2015,9/30/2016,21,19,16,19,18,,,,,,4,0,10,0,7,0.538,0.38,19,1.50882,1.3,9,498000000,389000000,1.076,0.784,4669000000,4973000000,427000000,297000000,667000000,576750000,,
LSE,IPO,GBP,5/17/2017,1/1/2017,12/31/2017,1/1/2016,12/31/2016,2,2,3,3,1,,,,,,2,0,1,0,0,0,0,1,0,0,0,-15000000,31299999,-0.0239,0.00775,7600000,20100000,-14800000,26700001,0,31400000,,
LSE,MRL,GBP,5/17/2017,4/1/2017,3/31/2018,4/1/2016,3/31/2017,1,1,1,1,1,,,,,,1,0,0,0,0,0,0,0,0,0,0,3200000,5000000,0.1,0.124,42799999,62500000,100000,1700000,3800000,5800000,,
LSE,MPL,GBP,5/17/2017,1/1/2017,12/31/2017,1/1/2016,12/31/2016,2,2,1,2,2,,,,,,2,0,0,0,0,0,0,1,0,0,0,-2450000,-4707500,-0.0125,-0.013,0,2010000,-882000,-3535000,-2380500,-857500,,
LSE,GNK,GBP,5/17/2017,5/1/2017,4/30/2018,5/1/2016,4/30/2017,10,10,8,10,9,,,,,,6,0,3,0,1,0.3305,0.3445,10,1.14038,1.07861,3,415549988,417450012,0.70816,0.72595,2183199951,2196060059,218569504,220713989,523799988,524000000,,
LSE,CHH,GBP,5/17/2017,1/1/2017,12/31/2017,1/1/2016,12/31/2016,1,1,0,1,1,,,,,,0,0,0,0,0,0.211,0.22999,1,0,0,0,6398000,6829740,0.478,0.51083,51102001,52503300,5285000,0,8114000,8729740,,
LSE,CRH,EUR,2/5/2017,1/1/2017,12/31/2017,1/1/2016,12/31/2016,20,19,17,19,19,,,,,,12,0,7,0,1,0.64353,0.6755,16,2.74405,3.19,11,2055020020,2406000000,1.52774,1.87412,27954500000,29651800781,1231180054,1518000000,3128959961,3512000000,,
LSE,ORM,EUR,7/26/2015,1/1/2015,12/31/2015,1/1/2014,12/31/2014,1,0,1,0,1,,,,,,2,0,0,0,0,0,0,0,0,0,1,0,0,0,0,0,0,-2000000,-5000000,-2000000,-2000000,,
LSE,SPD,GBP,5/17/2017,5/1/2017,4/30/2018,5/1/2016,4/30/2017,5,5,3,4,5,,,,,,0,1,3,0,2,0,0,4,-0.25399,-0.33215,1,134750000,102115005,0.1601,0.126,3162199951,3209159912,89149002,76000000,264600006,243216995,,
LSE,CTH,GBP,5/17/2017,10/1/2016,9/30/2017,10/1/2015,9/30/2016,3,3,2,3,3,,,,,,3,0,0,0,0,0.0927,0.096,3,0,0,0,32099998,34190102,0.3803,0.34079,149000000,166000000,22871000,16049999,37099998,39625702,,
LSE,FDI,GBP,5/17/2017,7/1/2016,6/30/2017,7/1/2015,6/30/2016,5,5,3,4,5,,,,,,5,0,0,0,0,0,0,4,0.00772,-0.02442,2,-5518384,-4943028,0.02046,-0.02517,333793,23451759,6451977,-7812380,-3149277,609121,,
LSE,INM,EUR,5/17/2017,1/1/2017,12/31/2017,1/1/2016,12/31/2016,2,2,0,1,2,,,,,,1,0,0,0,0,0,0,1,0,0,0,37194599,38324200,0.02772,0.02563,323399994,317310486,0,0,44094601,44662102,,
LSE,ATK,GBP,5/17/2017,4/1/2017,3/31/2018,4/1/2016,3/31/2017,6,5,0,2,3,,,,,,2,1,3,0,0,0.4245,0.445,6,0.50399,0.79428,2,142850006,162250000,1.1915,1.2235,2064000000,2111100098,0,0,188000000,203300003,,
LSE,GRI,GBP,5/17/2017,10/1/2016,9/30/2017,10/1/2015,9/30/2016,3,1,2,3,1,,,,,,4,0,2,0,0,0.04,0.04893,5,0,0,0,88699997,86800003,0.102,0.11849,51900002,54897800,135300003,61408600,0,91400002,,
LSE,IDOX,GBP,5/17/2017,11/1/2016,10/31/2017,11/1/2015,10/31/2016,3,3,1,2,3,,,,,,0,0,1,0,0,0.01,0.011,3,0,0,0,16417999,21410500,0.0396,0.0432,76738998,97599998,11806000,14400000,21500000,27100000,,
LSE,PHTM,GBP,5/17/2017,5/1/2017,4/30/2018,5/1/2016,4/30/2017,2,2,1,2,2,,,,,,1,0,0,0,0,0.07,0.084,2,0,0,0,47580002,50750000,0.092,0.09778,223867004,240902496,34599998,36299999,67446999,71129501,,
LSE,PFG,GBP,5/17/2017,1/1/2017,12/31/2017,1/1/2016,12/31/2016,12,9,9,5,0,,,,,,8,0,3,0,1,1.346,1.44,11,0,0,0,415799988,446794006,1.757,1.7875,1183199951,1279739990,262899994,258299988,0,0,,
LSE,PDG,GBP,5/17/2017,1/1/2017,12/31/2017,1/1/2016,12/31/2016,7,7,2,7,6,,,,,,4,0,2,0,0,0.01475,0.0159,7,0,0.03677,1,101199997,101300003,0.039,0.04,4537000000,4646000000,55500000,58170052,148399994,137378510,,
LSE,DPH,GBP,5/17/2017,7/1/2016,6/30/2017,7/1/2015,6/30/2016,6,6,4,6,6,,,,,,3,1,2,0,0,0.1848,0.2015,6,0,0,0,52400002,78000000,0.4265,0.6201,247561996,356250000,38389999,57150002,58000000,84300003,,
LSE,GHH,GBP,5/17/2017,10/1/2016,9/30/2017,10/1/2015,9/30/2016,4,4,3,4,3,,,,,,0,0,4,0,0,0.09,0.099,4,0,0,0,14279000,16244148,0.425,0.46644,86051003,100150002,7048000,10500000,17655001,20267599,,
LSE,HNL,GBP,4/24/2016,1/1/2016,12/31/2016,1/1/2015,12/31/2015,1,1,1,0,0,,,,,,0,0,1,0,0,0,0,1,0,0,0,0,0,0,-0.136,0,0,0,-3300000,0,0,,
LSE,FBH,EUR,5/17/2017,1/1/2017,12/31/2017,1/1/2016,12/31/2016,2,1,1,1,0,,,,,,1,0,1,0,0,0,0,1,0,1.31655,1,13500000,23456499,0.43487,0.76191,361799011,370700012,10700000,14491700,0,0,,
LSE,RBG,GBP,5/17/2017,7/1/2016,6/30/2017,7/1/2015,6/30/2016,4,4,2,4,4,,,,,,4,0,0,0,0,0.0475,0.0534,4,0,0.17303,1,8950001,10356600,0.146,0.1575,119490997,133799988,6069000,7600000,15250000,17450001,,
LSE,BKIR,EUR,5/17/2017,1/1/2017,12/31/2017,1/1/2016,12/31/2016,16,11,13,9,0,,,,,,6,1,7,0,3,0,0.006,15,0,0,0,1176000000,969000000,0.02201,0.02,3105000000,3010649902,728045532,672000000,0,0,,
LSE,ULE,GBP,5/17/2017,1/1/2017,12/31/2017,1/1/2016,12/31/2016,10,9,9,9,9,,,,,,5,0,4,0,0,0.478,0.49677,9,1.19373,1.30948,3,131050003,135472000,1.345,1.382,785763977,827281006,94691002,96800003,148000000,150677002,,
LSE,BDEV,GBP,5/17/2017,7/1/2016,6/30/2017,7/1/2015,6/30/2016,16,15,10,13,13,,,,,,7,0,6,1,2,0.307,0.40783,12,0.66,0.3414,7,668400024,748000000,0.543,0.58428,4235200195,4547000000,550299988,574494019,672900024,752000000,,
LSE,MRO,GBP,5/17/2017,1/1/2017,12/31/2017,1/1/2016,12/31/2016,14,13,11,11,12,,,,,,12,1,1,0,0,0.022,0.04,12,0.0159,0.1261,3,104000000,302000000,0.044,0.10018,889299988,2180300049,-39000000,118000000,122099998,342000000,,
LSE,MTO,GBP,5/17/2017,4/1/2017,3/31/2018,4/1/2016,3/31/2017,10,8,4,7,7,,,,,,0,0,5,0,5,0.051,0.08,9,0.08533,0.15168,3,60806198,91800003,0.116,0.1655,2148949951,2140649902,-34199997,52856903,88000000,113000000,,
LSE,SDM,GBP,5/17/2017,1/1/2017,12/31/2017,1/1/2016,12/31/2016,1,1,0,1,1,,,,,,0,0,0,0,0,0.029,0.031,1,0,0,0,4686000,6100000,0.087,0.1068,53069000,62000000,1838000,0,5700000,7100000,,
LSE,GLB,EUR,5/17/2017,1/1/2017,12/31/2017,1/1/2016,12/31/2016,10,9,7,8,9,,,,,,7,0,3,0,0,0.133,0.147,9,1.13918,1.203,5,265385986,299197998,0.87333,0.9415,2847889893,2825000000,211742004,239500000,355320007,368000000,,
LSE,STM,GBP,5/17/2017,1/1/2017,12/31/2017,1/1/2016,12/31/2016,1,1,1,1,1,,,,,,0,0,0,0,0,0.015,0.0175,1,0,0,0,2842000,3092950,0.0387,0.04015,17433001,19476900,2373000,2500000,3115000,3392950,,
LSE,MKLW,GBP,5/17/2017,7/1/2016,6/30/2017,7/1/2015,6/30/2016,2,2,1,2,1,,,,,,1,1,0,0,0,0.21485,0.22105,2,0,0,0,18700001,19000000,0.2388,0.246,22000000,23349998,25200001,20400000,18799999,19100000,,
LSE,PDL,GBP,5/17/2017,7/1/2016,6/30/2017,7/1/2015,6/30/2016,14,12,10,12,12,,,,,,10,0,3,0,1,0,0,12,0.20671,0.24263,5,83635445,117467072,0.07296,0.09327,329900146,427341248,41475365,49338707,124580338,166410477,,
LSE,DTC,ZAR,5/17/2017,3/1/2017,2/28/2018,2/29/2016,2/28/2017,1,1,1,1,1,,,,,,1,0,0,0,0,1.46689,1.86468,1,8.22666,9.54542,1,1735390015,2291489990,4.4451,5.65058,83144000000,92833703125,712328003,1038079956,2525070068,3103739990,,
LSE,BBA,GBP,5/17/2017,1/1/2017,12/31/2017,1/1/2016,12/31/2016,6,4,4,4,4,,,,,,4,0,2,0,0,0.10359,0.1084,5,0,0,0,244891006,280835999,0.16914,0.18419,2076550049,1819725098,-80038803,117368500,323391998,350185486,,
LSE,JDG,GBP,5/17/2017,1/1/2017,12/31/2017,1/1/2016,12/31/2016,2,2,1,1,1,,,,,,1,0,0,0,0,0.275,0.3025,1,0,0,0,1000000,8600000,0.837,0.9945,57285000,60150002,81000,600000,6100000,9200000,,
LSE,INF,GBP,5/17/2017,1/1/2017,12/31/2017,1/1/2016,12/31/2016,18,15,13,13,15,,,,,,10,3,5,0,0,0.193,0.201,17,0.4631,0.55763,8,416000000,553000000,0.421,0.47431,1345699951,1732000000,306600006,391187988,440000000,591000000,,
LSE,FTC,GBP,5/17/2017,6/1/2016,5/31/2017,6/1/2015,5/31/2016,1,1,0,0,1,,,,,,1,0,0,0,0,0,0,1,0,0,0,-6840000,0,-0.032,0.005,13580000,35000000,-5117000,0,-5870000,2300000,,
LSE,IHG,GBP,5/17/2017,1/1/2017,12/31/2017,1/1/2016,12/31/2016,24,21,17,20,18,,,,,,1,2,15,3,4,0.76436,0.82636,18,2.85416,2.36873,9,572168030,581789490,1.63768,1.82824,1387930054,1392339966,348803986,359598999,649859985,668489502,,
LSE,SDL,GBP,5/17/2017,1/1/2017,12/31/2017,1/1/2016,12/31/2016,4,4,2,3,3,,,,,,2,1,0,0,0,0.062,0.06665,2,0,0,0,27000000,30176600,0.2658,0.26933,289899994,280450012,21349998,22255699,30500000,33876598,,
LSE,GNC,GBP,5/17/2017,10/1/2016,9/30/2017,10/1/2015,9/30/2016,7,7,3,6,7,,,,,,6,1,0,0,0,0.05469,0.05789,7,0.25387,0.2042,2,97500000,142850006,0.16036,0.16043,1481900024,2323699951,48500000,56599998,138000000,194658005,,
LSE,MGNS,GBP,5/17/2017,1/1/2017,12/31/2017,1/1/2016,12/31/2016,4,4,3,3,3,,,,,,3,1,0,0,0,0.35,0.3975,4,1.56571,0.81777,1,48799999,53000000,0.823,0.96,2561600098,2709899902,36799999,39200001,54299999,62926498,,
LSE,SIXH,GBP,4/30/2017,4/1/2017,3/31/2018,4/1/2016,3/31/2017,1,1,0,1,1,,,,,,0,0,0,0,0,0,0,1,0,0,0,3100000,3450000,0.01873,0.02145,49000000,51500000,0,0,3600000,3950000,,
LSE,PRM,GBP,5/17/2017,1/1/2017,12/31/2017,1/1/2016,12/31/2016,1,1,0,1,1,,,,,,0,0,0,0,0,0,0,1,0,0,0,-2653000,-1644360,-0.0096,-0.00443,2744000,4104000,-2280000,0,-2100000,-1377600,,
LSE,HTG,GBP,5/17/2017,1/1/2017,12/31/2017,1/1/2016,12/31/2016,14,12,12,12,13,,,,,,7,1,2,1,3,0,0,10,-0.08902,0.23723,4,-74616600,-2182300,-0.36661,-0.03392,368873993,494208008,-59078201,-1259153,-39614750,33587502,,
LSE,RBN,GBP,5/17/2017,1/1/2017,12/31/2017,1/1/2016,12/31/2016,2,1,1,1,1,,,,,,0,0,0,0,1,0.04165,0.04244,2,0,0,0,1355000,1539770,0.073,0.07799,27459000,30468800,1228000,900000,3523000,3811610,,
LSE,JHD,GBP,5/17/2017,7/1/2016,6/30/2017,7/1/2015,6/30/2016,2,2,1,2,2,,,,,,1,1,0,0,0,0.1205,0.13,2,0,0,0,46549999,48250000,0.17,0.1795,226141006,235199997,35256001,36900002,49250000,50849998,,
LSE,NTG,GBP,5/17/2017,5/1/2017,4/30/2018,5/1/2016,4/30/2017,6,4,2,5,5,,,,,,4,1,0,0,1,0.168,0.175,4,1.56157,1.61934,1,89900002,92781898,0.47363,0.48705,620899536,638850952,61326401,60407249,239800003,249399994,,
LSE,RTN,GBP,5/17/2017,1/1/2017,12/31/2017,1/1/2016,12/31/2016,17,15,10,15,13,,,,,,7,0,6,0,3,0.174,0.174,16,0.50416,0.39446,5,79160004,58197300,0.2984,0.2208,710711975,669400024,60105999,43699997,121000000,96000000,,
LSE,ABC,GBP,5/17/2017,7/1/2016,6/30/2017,7/1/2015,6/30/2016,7,7,7,7,7,,,,,,2,1,3,0,1,0.0891,0.099,7,0,0.13412,1,46299999,64699997,0.2235,0.25,171673004,217000000,37429001,41000000,60200001,74000000,,
LSE,ARC,GBP,5/17/2017,7/1/2016,6/30/2017,7/1/2015,6/30/2016,1,1,0,1,1,,,,,,0,0,0,0,0,0,0,1,0,0,0,0,409543,0.0325,0.039,2141630,2300000,408142,0,300000,400000,,
LSE,APC,GBP,3/26/2017,9/1/2016,8/31/2017,9/1/2015,8/31/2016,0,0,0,0,0,,,,,,0,0,1,0,0,0,0,0,0,0,0,0,0,0.003,0,17961000,0,-12875000,0,0,0,,
LSE,ITE,GBP,5/17/2017,10/1/2016,9/30/2017,10/1/2015,9/30/2016,5,5,1,4,5,,,,,,1,0,4,0,0,0.045,0.045,5,0.0818,0.07993,1,34928398,30615002,0.107,0.08992,134421997,138369995,-9327000,12100000,36650703,32400002,,
LSE,CRDA,GBP,5/17/2017,1/1/2017,12/31/2017,1/1/2016,12/31/2016,21,18,17,18,17,,,,,,9,1,8,0,2,0.74,0.8189,14,1.964,2.10168,6,298000000,330200012,1.55,1.7241,1243599976,1359925049,197600006,229000000,344299988,383399994,,
LSE,WTM,GBP,5/15/2017,7/1/2016,6/30/2017,7/1/2015,6/30/2016,1,1,0,1,1,,,,,,0,0,0,0,0,0.03,0.04,1,0,0,0,3610000,3600000,0.076,0.07478,91320000,91500000,2336000,0,4348000,4400000,,
LSE,HVE,GBP,5/17/2017,1/1/2017,12/31/2017,1/1/2016,12/31/2016,1,1,0,0,1,,,,,,1,0,0,0,0,0,0,1,0,0,0,0,0,0.007,0.01,60808998,63799999,119000,0,900000,1500000,,
LSE,CNC,GBP,5/17/2017,1/1/2017,12/31/2017,1/1/2016,12/31/2016,1,1,1,1,1,,,,,,1,0,0,0,0,0.021,0.022,1,0,0,0,4600000,4600000,0.039,0.0636,16423901,17299999,2829900,3300000,4800000,4800000,,
LSE,SPO,GBP,5/17/2017,1/1/2017,12/31/2017,1/1/2016,12/31/2016,2,2,1,1,2,,,,,,2,0,0,0,0,0,0,2,0.17001,-0.0766,1,0,8900000,0.05,0.0405,98599998,96550003,13100000,5000000,23799999,19250000,,
LSE,HFD,GBP,5/17/2017,4/1/2017,3/31/2018,4/1/2016,3/31/2017,13,12,8,11,12,,,,,,3,0,3,1,6,0.1751,0.1751,13,0.38447,0.46619,5,77900002,76321404,0.305,0.305,1094439941,1136255005,59571850,59479900,110449997,112665001,,
LSE,PNN,GBP,5/17/2017,4/1/2017,3/31/2018,4/1/2016,3/31/2017,10,9,9,8,9,,,,,,6,0,2,1,2,0.35915,0.385,10,0.83536,0.90187,5,295087006,310144501,0.43349,0.4435,1364000000,1399000000,178598999,186695007,479997009,503774994,,
LSE,LTG,GBP,5/17/2017,1/1/2017,12/31/2017,1/1/2016,12/31/2016,1,1,0,1,1,,,,,,0,1,0,0,0,0.0021,0.0025,1,0,0,0,0,11000000,0.01184,0.0146,28263000,49599998,-1326000,0,7700000,12100000,,
LSE,RNO,GBP,5/17/2017,4/1/2017,3/31/2018,4/1/2016,3/31/2017,3,3,0,2,2,,,,,,3,0,0,0,0,0,0.002,2,0,0,0,14441999,16659050,0.04631,0.05142,184000000,193800003,0,0,21292000,23809052,,
LSE,BVC,GBP,5/17/2017,1/1/2017,12/31/2017,1/1/2016,12/31/2016,1,1,1,1,1,,,,,,0,0,0,0,0,0,0,1,0,0,0,-1688990,1568790,-0.00218,0.00479,73163101,79837097,-865941,739615,60697,3273320,,
LSE,OXIG,GBP,5/17/2017,4/1/2017,3/31/2018,4/1/2016,3/31/2017,10,9,4,8,8,,,,,,4,0,4,0,2,0.132,0.1385,8,0.49357,0.43781,1,43150002,46670250,0.4855,0.545,371700012,336600006,15849100,22358150,55299999,56561897,,
LSE,IND,GBP,5/17/2017,1/1/2017,12/31/2017,1/1/2016,12/31/2016,1,1,0,1,1,,,,,,0,0,0,0,0,0.02428,0.03256,1,0,0,0,290296,1221200,0.07284,0.19539,37165001,40706600,-2259540,0,1023510,2035330,,
LSE,ELA,GBP,5/17/2017,1/1/2017,12/31/2017,1/1/2016,12/31/2016,4,5,3,4,6,,,,,,7,0,0,0,0,0,0,5,-0.06064,0.15719,1,-11271049,20096600,0.0398,0.23525,1626760,90278099,7665530,40153801,-10709020,32803349,,
LSE,MNZS,GBP,5/17/2017,1/1/2017,12/31/2017,1/1/2016,12/31/2016,4,4,3,4,4,,,,,,2,1,0,0,0,0.185,0.19312,4,-0.18157,0.31592,2,55000000,74599998,0.477,0.54476,1981599976,2387399902,8500000,44909500,78750000,108753998,,
LSE,NFC,GBP,5/17/2017,2/1/2017,1/31/2018,2/1/2016,1/31/2017,3,2,2,2,3,,,,,,2,0,0,0,0,0.05275,0.05775,3,0,0.28342,1,24987499,29533600,0.234,0.25974,171013000,193315491,1138000,7266700,28984501,33799999,,
LSE,AVG,GBP,5/17/2017,6/1/2016,5/31/2017,6/1/2015,5/31/2016,2,2,1,2,2,,,,,,1,0,1,0,0,0.032,0.034,2,0,0,0,-400000,73500,0.01,0.01054,21177000,24049999,31136000,-200000,400000,873500,,
LSE,GLE,GBP,5/17/2017,7/1/2016,6/30/2017,7/1/2015,6/30/2016,3,3,2,3,3,,,,,,2,0,0,0,0,0.145,0.195,3,0,0.27187,1,27983000,30200001,0.4315,0.44975,142065002,155612000,22959000,24406700,28929001,31039700,,
LSE,WHI,GBP,11/1/2015,12/1/2014,11/30/2015,12/1/2013,11/30/2014,0,0,0,0,0,,,,,,0,0,0,0,0,0,0,0,0,0,0,0,0,0.0134,0,30042999,0,337000,0,0,0,,
LSE,GHE,GBP,5/17/2017,1/1/2017,12/31/2017,1/1/2016,12/31/2016,1,1,1,1,0,,,,,,1,0,0,0,0,0,0,1,0,0,0,-1892690,-1120450,-0.158,-0.11374,4264000,3817120,-3027000,-2419000,0,0,,
LSE,WTI,GBP,5/17/2017,7/1/2016,6/30/2017,7/1/2015,6/30/2016,1,1,0,1,1,,,,,,1,0,0,0,0,0,0,1,0,0,0,819941,6718009,-0.00804,0,52191601,72782822,-8518358,0,12966290,15982422,,
LSE,STJ,GBP,5/17/2017,1/1/2017,12/31/2017,1/1/2016,12/31/2016,19,3,16,9,4,,,,,,13,3,4,0,0,0.33,0.3894,19,0.17595,0.4987,4,141050003,270612000,0.379,0.426,1724599976,1447000000,112199997,188231003,322200012,274226013,,
LSE,CBG,GBP,5/17/2017,8/1/2016,7/31/2017,8/1/2015,7/31/2016,11,10,5,6,0,,,,,,2,1,7,1,1,0.57,0.5975,10,0,0,0,233600006,256700012,1.27,1.265,687400024,741116516,186500000,189100006,0,0,,
LSE,CHG,GBP,5/17/2017,11/1/2016,10/31/2017,11/1/2015,10/31/2016,4,3,2,3,3,,,,,,2,0,2,0,0,0.013,0.023,3,0,0,0,48250000,53000000,0.101,0.11385,477100006,485500000,11100000,24500000,70350006,77500000,,
LSE,OXB,GBP,5/17/2017,1/1/2017,12/31/2017,1/1/2016,12/31/2016,4,4,3,4,4,,,,,,1,0,1,0,0,0,0,3,0,0,0,-10767600,-2901125,-0.006,-0.00102,27775999,37650002,-16641001,-3767000,-7190000,1352670,,
LSE,CTG,GBP,5/17/2017,1/1/2017,12/31/2017,1/1/2016,12/31/2016,1,1,0,1,1,,,,,,1,0,0,0,0,0.028,0.03,1,0,0,0,2450000,3850000,0.0525,0.102,64487999,70000000,1405000,0,3230000,4630000,,
LSE,TNI,GBP,5/17/2017,1/1/2017,12/31/2017,1/1/2016,12/31/2016,4,3,1,3,3,,,,,,3,0,1,0,0,0.055,0.0572,3,0.40462,0.23494,1,136399994,122000000,0.378,0.3455,713000000,637599976,69500000,93199997,162050003,145500000,,
LSE,TRI,GBP,5/17/2017,4/1/2017,3/31/2018,4/1/2016,3/31/2017,5,5,4,5,5,,,,,,4,0,0,0,0,0.032,0.034,5,0.07809,0.10477,1,20200001,20600000,0.12355,0.12733,185000000,189699997,13821501,14330500,22045000,22829300,,
LSE,RNK,GBP,5/17/2017,7/1/2016,6/30/2017,7/1/2015,6/30/2016,2,2,2,2,2,,,,,,1,0,0,0,0,0.065,0.07126,2,0.18887,0.30235,1,82429703,84562752,0.154,0.15159,708500000,762349976,74699997,58436752,128199997,127599998,,
LSE,ELE,GBP,5/17/2017,12/1/2016,11/30/2017,12/1/2015,11/30/2016,1,1,0,1,1,,,,,,1,0,0,0,0,0,0,1,0,0,0,-996000,-501000,-0.0024,-0.001,2780000,3071000,9330000,0,-950000,-450000,,
LSE,MLC,GBP,5/17/2017,1/1/2017,12/31/2017,1/1/2016,12/31/2016,4,3,2,3,2,,,,,,1,1,1,0,1,0.077,0.08037,4,0.60687,0.63166,1,149000000,168000000,0.24,0.2878,926000000,990000000,78000000,101000000,235000000,238000000,,
LSE,APF,GBP,5/17/2017,1/1/2017,12/31/2017,1/1/2016,12/31/2016,4,4,4,4,4,,,,,,4,0,0,0,0,0.06,0.07,4,0.0798,0.17622,4,13679300,35211849,0.0976,0.16209,19705000,41919750,26362000,28371101,16548300,38095100,,
LSE,MTC,GBP,5/17/2017,4/1/2017,3/31/2018,4/1/2016,3/31/2017,5,4,2,4,4,,,,,,3,0,1,0,2,0,0,5,0.09213,0.13993,2,23950001,26650002,0.095,0.10788,701799988,721900024,16379799,17361700,46049999,51000000,,
LSE,CNE,GBP,5/17/2017,1/1/2017,12/31/2017,1/1/2016,12/31/2016,20,15,14,14,15,,,,,,14,1,6,1,0,0,0,16,-0.03237,0.06247,10,-119935997,-63754601,-0.13402,-0.07875,0,92162102,-76882599,-43984650,-38036598,314395,,
LSE,SHI,GBP,5/17/2017,1/1/2017,12/31/2017,1/1/2016,12/31/2016,13,12,8,12,12,,,,,,1,0,8,0,4,0.037,0.037,12,0.1303,0.13067,5,91150002,90000000,0.097,0.095,2845199951,2847000000,57500000,55000000,117150002,117000000,,
LSE,SVI,GBP,5/8/2016,2/1/2016,1/31/2017,2/1/2015,1/31/2016,1,1,1,1,1,,,,,,1,0,0,0,0,0,0,0,0,0,0,19700001,-5200000,0.515,0.307,83880997,67199997,91009003,50000000,19700001,-5200000,,
LSE,TRK,GBP,5/15/2017,4/1/2017,3/31/2018,4/1/2016,3/31/2017,1,1,1,1,0,,,,,,0,0,1,0,0,0,0,1,0,0,0,-7000000,-1200000,-0.013,-0.002,1400000,4600000,-8700000,-1800000,0,0,,
LSE,LPA,GBP,5/7/2017,10/1/2016,9/30/2017,10/1/2015,9/30/2016,1,1,0,0,0,,,,,,1,0,0,0,0,0.025,0.026,1,0,0,0,0,0,0.1135,0.132,21422001,22500000,1462000,0,0,0,,
LSE,TPK,GBP,5/17/2017,1/1/2017,12/31/2017,1/1/2016,12/31/2016,19,16,11,13,14,,,,,,7,1,8,1,2,0.45,0.46,17,1.53849,1.60318,8,409000000,386000000,1.204,1.152,6217200195,6323100098,301299988,279000000,511000000,492880005,,
LSE,DTG,GBP,5/17/2017,4/1/2017,3/31/2018,4/1/2016,3/31/2017,2,2,1,2,2,,,,,,2,0,0,0,0,0.055,0.064,2,0,0,0,102150002,93000000,0.53094,0.39608,1715000000,2213000000,79199997,60400002,202000000,205100006,,
LSE,CLLN,GBP,5/17/2017,1/1/2017,12/31/2017,1/1/2016,12/31/2016,9,6,6,7,8,,,,,,2,0,5,1,2,0.1845,0.186,9,0.27903,0.239,3,235949997,243856995,0.353,0.344,5214200195,5408500000,124199997,133399994,267299988,274625488,,
LSE,ALD,GBP,5/17/2017,1/1/2017,12/31/2017,1/1/2016,12/31/2016,17,10,14,13,3,,,,,,10,2,4,1,0,0,0.02834,16,0.27734,0.33119,1,144199997,171000000,0.252,0.29676,267500000,308333984,93500000,103949997,129544006,149826004,,
LSE,EVG,GBP,5/17/2017,4/1/2017,3/31/2018,4/1/2016,3/31/2017,1,1,0,0,1,,,,,,1,0,0,0,0,0,0,0,0,0,0,0,0,0,0,0,5000000,0,0,-4000000,1000000,,
LSE,DEMG,GBP,5/17/2017,1/1/2017,12/31/2017,1/1/2016,12/31/2016,1,1,0,1,1,,,,,,1,0,0,0,0,0,0,0,0,0,0,-2400000,-1800000,-0.009,-0.006,6331000,6800000,-2376000,0,-1900000,-1400000,,
LSE,GBG,GBP,5/17/2017,4/1/2017,3/31/2018,4/1/2016,3/31/2017,7,6,6,6,6,,,,,,5,0,1,0,0,0.0233,0.02626,7,0.0529,0.06981,2,16978451,22988800,0.09737,0.1183,87500000,116699997,7815001,11831150,18750000,25597149,,
LSE,SPH,GBP,5/17/2017,1/1/2017,12/31/2017,1/1/2016,12/31/2016,7,7,6,7,7,,,,,,5,0,1,0,0,0,0,6,-0.01524,-0.00978,1,-11530000,-3000000,-0.067,-0.0067,37817001,48700001,-29575001,-9000000,-6500000,940586,,
LSE,GRG,GBP,5/17/2017,1/1/2017,12/31/2017,1/1/2016,12/31/2016,6,6,4,5,6,,,,,,2,0,3,0,0,0.31,0.31821,6,0.8545,0.69961,3,79405502,81000000,0.608,0.62809,894195007,946250000,57993000,63724953,125429001,130215500,,
LSE,CRPR,GBP,5/17/2017,4/1/2017,3/31/2018,4/1/2016,3/31/2017,1,1,0,0,0,,,,,,0,1,0,0,0,0.11,0.14,1,0,0,0,0,0,0.486,0.58,94599998,99099998,0,0,0,0,,
LSE,DFS,GBP,5/17/2017,8/1/2016,7/31/2017,8/1/2015,7/31/2016,4,4,3,3,3,,,,,,3,0,1,0,0,0.11,0.1135,4,0.32416,0.2842,2,75808403,75900002,0.235,0.23666,756000000,792349976,60299999,50500000,94400002,95900002,,
LSE,AVON,GBP,5/17/2017,10/1/2016,9/30/2017,10/1/2015,9/30/2016,5,5,2,3,4,,,,,,4,0,0,0,0,0.095,0.12324,5,0.52866,0.4389,1,21799999,24900000,0.728,0.644,142884003,160000000,18278999,18100000,30804001,34657898,,
LSE,JDW,GBP,5/17/2017,8/1/2016,7/31/2017,8/1/2015,7/31/2016,14,11,8,10,9,,,,,,5,0,2,2,4,0.12,0.12,13,1.26266,1.28296,6,109849998,120349998,0.483,0.59028,1595189941,1618000000,51206001,66487701,182000000,193100006,,
LSE,IRV,GBP,5/17/2017,1/1/2017,12/31/2017,1/1/2016,12/31/2016,7,7,5,7,6,,,,,,1,0,5,1,0,0.081,0,7,0,-0.75612,2,124199997,128000000,0.632,0.58443,3244600098,3243000000,92199997,87000000,163199997,165500000,,
LSE,ITV,GBP,5/17/2017,1/1/2017,12/31/2017,1/1/2016,12/31/2016,22,19,10,18,19,,,,,,10,1,8,0,3,0.122,0.07977,14,0.1664,0.1456,10,852185486,839989502,0.17,0.15904,3064000000,3104770020,448000000,489500000,916000000,885838013,,
LSE,GNS,GBP,5/17/2017,7/1/2016,6/30/2017,7/1/2015,6/30/2016,5,5,2,4,5,,,,,,2,0,3,0,0,0.21415,0.235,5,0.34404,0.41554,2,50093300,53332451,0.601,0.65,388299988,446674988,49299999,40116852,58099998,62400002,,
LSE,AV.,GBP,5/17/2017,1/1/2017,12/31/2017,1/1/2016,12/31/2016,22,6,18,16,2,,,,,,11,0,9,1,2,0.233,0.266,21,0.32943,0.39497,2,3009000000,3114000000,0.511,0.53215,25442000000,37373000000,703000000,1771500000,3190000000,3034899902,,
LSE,JLT,GBP,5/17/2017,1/1/2017,12/31/2017,1/1/2016,12/31/2016,9,8,7,5,1,,,,,,4,0,5,0,0,0.322,0.33929,8,0,0,0,179800003,212399994,0.514,0.587,1261280029,1359000000,81466003,129000000,220399994,279500000,,
LSE,FSTA,GBP,5/17/2017,4/1/2017,3/31/2018,4/1/2016,3/31/2017,2,2,2,2,2,,,,,,2,1,0,0,0,0.188,0.19661,2,0.79069,0.80673,2,49179100,50133202,0.60591,0.62361,382740997,399652496,33020500,34992752,69287651,71110199,,
LSE,KBT,GBP,5/17/2017,7/1/2016,6/30/2017,7/1/2015,6/30/2016,3,4,3,3,3,,,,,,0,0,0,0,0,0.018,0.0193,3,0,0,0,9500000,8101850,0.229,0.18,89175003,89449997,4103000,1800000,12800000,12280000,,
LSE,CNR,GBP,5/17/2017,1/1/2017,12/31/2017,1/1/2016,12/31/2016,1,1,1,1,1,,,,,,1,0,0,0,0,0,0,1,-0.06,-0.06,1,-3000000,-4000000,-0.06,-0.06,0,0,-3000000,-3000000,-3000000,-4000000,,
LSE,CPR,GBP,5/17/2017,5/1/2017,4/30/2018,5/1/2016,4/30/2017,4,4,2,3,3,,,,,,3,0,1,0,1,0,0.03,4,0.13855,0.26582,2,17000000,19375200,0.16274,0.19144,455479492,455450012,11679750,13207300,29718399,32875198,,
LSE,CTR,GBP,5/17/2017,1/1/2017,12/31/2017,1/1/2016,12/31/2016,4,4,2,4,2,,,,,,2,1,0,0,0,0.105,0.11,4,-0.01055,0.26754,1,11218500,14850000,0.2227,0.2245,169264008,194112000,10727000,15200000,16461050,17773651,,
LSE,CPS,EUR,5/17/2017,7/1/2016,6/30/2017,7/1/2015,6/30/2016,2,1,1,2,2,,,,,,2,0,0,0,0,0.11,0.1175,2,0.476,0.491,1,15400000,16977800,0.44739,0.50121,433390991,459799988,13400000,14634800,16299999,17830101,,
LSE,HDT,GBP,2/14/2016,12/1/2015,11/30/2016,12/1/2014,11/30/2015,0,0,0,0,0,,,,,,0,0,0,0,0,0,0,1,0,0,0,0,0,-0.044,0,11000000,0,0,0,-100000,0,,
LSE,HNT,GBP,5/17/2017,1/1/2017,12/31/2017,1/1/2016,12/31/2016,3,3,2,3,3,,,,,,3,0,0,0,0,0.018,0.0175,3,0.01646,0.05407,1,18000000,21415100,0.034,0.04126,180100006,187100006,-18261000,12850000,21000000,24680401,,
LSE,FDP,GBP,5/17/2017,3/1/2017,2/28/2018,2/29/2016,2/28/2017,3,3,2,3,3,,,,,,3,0,0,0,0,0.187,0.206,3,1.002,0.926,1,20900000,22100000,0.561,0.599,144199997,161000000,10000000,11050000,27200001,30000000,,
LSE,BVS,GBP,5/17/2017,1/1/2017,12/31/2017,1/1/2016,12/31/2016,13,12,8,11,11,,,,,,5,1,5,1,1,0.45,0.45,11,0.68913,0.71311,7,160000000,130162994,0.9,0.75229,1054800049,931895020,120848000,99935448,162263000,131065002,,
LSE,DLAR,GBP,5/17/2017,4/1/2017,3/31/2018,4/1/2016,3/31/2017,4,3,3,3,3,,,,,,1,0,3,0,0,0.25,0.25,4,0,0,0,67699997,71800003,0.4331,0.46009,463899994,474700012,43500000,48299999,94000000,99300003,,
LSE,TRX,GBP,5/17/2017,1/1/2017,12/31/2017,1/1/2016,12/31/2016,1,1,0,1,0,,,,,,0,0,0,0,0,0,0,0,0,0,0,-10106000,-13940000,-0.013,-0.017,8160000,55669998,0,0,0,0,,
LSE,GHT,GBP,5/17/2017,1/1/2017,12/31/2017,1/1/2016,12/31/2016,1,1,0,1,1,,,,,,1,0,0,0,0,0,0,1,0,0,0,2716000,3979070,0.0467,0.06155,17156000,19994101,2605000,0,3836000,5209070,,
LSE,JD.,GBP,5/17/2017,2/1/2017,1/31/2018,2/1/2016,1/31/2017,6,5,3,4,4,,,,,,6,0,0,0,0,0.016,0.0163,5,0.22953,0.2399,2,246199997,276549988,0.1904,0.2155,2378689941,2834500000,178914001,214500000,305400024,341099976,,
LSE,TLY,GBP,5/17/2017,1/1/2017,12/31/2017,1/1/2016,12/31/2016,1,1,1,1,1,,,,,,1,0,0,0,0,0,0,0,0,0,0,-1122000,166000,-0.08,-0.01,3977000,10647000,-1516000,26000,-453000,618000,,
LSE,VLX,GBP,5/17/2017,4/1/2017,3/31/2018,4/1/2016,3/31/2017,1,1,0,1,1,,,,,,1,0,0,0,0,0,0,1,0,0,0,6912670,7321200,0.04174,0.04893,263937988,262902008,0,0,13100400,12496600,,
LSE,BRW,GBP,5/17/2017,10/1/2016,9/30/2017,10/1/2015,9/30/2016,4,3,2,3,3,,,,,,3,0,2,0,0,0.13,0.14286,3,0.10486,0.2181,1,58799999,67939903,0.168,0.197,280484009,310996002,47902000,57375500,65238503,76751999,,
LSE,IFP,EUR,5/17/2017,1/1/2017,12/31/2017,1/1/2016,12/31/2016,5,5,3,5,5,,,,,,2,0,2,0,0,0.05799,0.06362,5,0.13571,0.1314,2,9570060,10126100,0.08904,0.09377,91922501,96313400,6209000,7969450,14898000,15848400,,
LSE,MRS,GBP,6/14/2015,7/1/2014,6/30/2015,7/1/2013,6/30/2014,0,0,0,0,0,,,,,,0,0,0,0,0,0,0,0,0,0,0,0,0,0,0,5000000,13000000,0,0,0,1000000,,
LSE,AVV,GBP,5/17/2017,4/1/2017,3/31/2018,4/1/2016,3/31/2017,7,5,4,3,4,,,,,,2,1,2,0,2,0.388,0.42475,6,0.70404,0.81354,1,51002499,56732899,0.668,0.7319,216000000,228000000,41596901,45469902,55343147,63075001,,
LSE,SDY,GBP,5/17/2017,4/1/2017,3/31/2018,4/1/2016,3/31/2017,4,4,2,3,4,,,,,,3,0,1,0,0,0.008,0.00943,4,0.05969,0.03487,1,18386999,23171801,0.02193,0.02955,357168518,369565491,10799999,15400000,62316200,64725601,,
LSE,CRU,GBP,5/17/2017,5/1/2017,4/30/2018,5/1/2016,4/30/2017,0,0,0,0,0,,,,,,0,0,0,0,0,0,0,0,0,0,0,0,0,0.023,0,24500000,0,0,0,0,0,,
LSE,ADT,GBP,5/17/2017,4/1/2017,3/31/2018,4/1/2016,3/31/2017,1,1,0,0,1,,,,,,1,0,0,0,0,0.075,0.08,1,0,0,0,0,0,0.223,0.252,34000000,39500000,0,0,7300000,8400000,,
LSE,ALT,GBP,5/17/2017,1/1/2017,12/31/2017,1/1/2016,12/31/2016,1,1,0,0,1,,,,,,1,0,0,0,0,0,0,1,0,0,0,0,0,0.008,0.032,4500000,6800000,0,0,600000,2100000,,
LSE,AHT,GBP,5/17/2017,5/1/2017,4/30/2018,5/1/2016,4/30/2017,18,16,10,14,15,,,,,,10,1,6,0,1,0.261,0.3075,15,2.317,2.70158,7,895700012,1019400024,1.04325,1.19515,3148574951,3554004883,511338501,589599976,1506000000,1721199951,,
LSE,YNGA,GBP,4/23/2017,4/1/2017,3/31/2018,4/1/2016,3/31/2017,1,1,1,1,1,,,,,,0,0,1,0,0,0.188,0.203,1,0,0,0,45154900,46194000,0.63165,0.64162,260373993,273722992,30714500,31263700,63427601,64967300,,
LSE,JPR,GBP,5/17/2017,1/1/2017,12/31/2017,1/1/2016,12/31/2016,3,3,1,3,2,,,,,,2,0,0,0,0,0,0,3,0,0,0,42099998,34299999,0.167,0.126,222699005,202000000,-246862000,11400000,49109348,41165051,,
LSE,ALU,GBP,5/17/2017,7/1/2016,6/30/2017,7/1/2015,6/30/2016,1,1,1,1,1,,,,,,1,0,0,0,0,0.065,0.072,1,0.17757,0.07961,1,8500000,9100000,0.184,0.202,92233002,103584000,6484000,6400000,9785500,10900000,,
LSE,INS,GBP,5/17/2017,1/1/2017,12/31/2017,1/1/2016,12/31/2016,2,2,1,2,2,,,,,,0,0,0,0,0,0,0,2,0,0,0,708500,2109990,0.112,0.09253,18319000,23975399,1058000,1500000,1276500,2859990,,
LSE,HILS,GBP,5/17/2017,1/1/2017,12/31/2017,1/1/2016,12/31/2016,6,6,2,5,6,,,,,,3,2,1,0,0,0.264,0.287,6,0.61412,0.53123,1,70599998,78699997,0.651,0.7235,540099976,582650024,51700001,55349998,88949997,97849998,,
LSE,KLR,GBP,5/17/2017,1/1/2017,12/31/2017,1/1/2016,12/31/2016,5,5,4,5,4,,,,,,2,1,2,0,0,0.285,0.299,5,0.40788,0.86767,1,95300003,111000000,0.748,0.89,1780000000,1936400024,54500000,65599998,157850006,179808502,,
LSE,SPX,GBP,5/17/2017,1/1/2017,12/31/2017,1/1/2016,12/31/2016,15,15,12,14,14,,,,,,4,1,10,0,0,0.76,0.8132,14,2.0809,2.15774,6,180600006,209921997,1.71,2.01,757400024,906299988,121300003,142252502,207699997,244000000,,
LSE,MSLH,GBP,5/17/2017,1/1/2017,12/31/2017,1/1/2016,12/31/2016,7,7,7,7,7,,,,,,4,1,2,0,0,0.117,0.104,7,0.2251,0.15927,2,47599998,50599998,0.1861,0.203,396921997,417462006,37349998,39799999,60799999,65300003,,
LSE,NICL,GBP,5/17/2017,1/1/2017,12/31/2017,1/1/2016,12/31/2016,4,4,3,4,4,,,,,,1,0,1,1,0,0.293,0.31059,4,0.5469,0.69109,1,30312500,32255249,0.6612,0.70655,117348999,123002998,25476999,25983000,31400000,33480247,,
LSE,HSS,GBP,5/17/2017,1/1/2017,12/31/2017,1/1/2016,12/31/2016,5,5,3,3,5,,,,,,1,0,2,0,2,0.006,0,5,-0.08516,0.05425,1,17299999,18000000,0.0294,0.02523,342410004,350091003,-17313000,-4400000,68599998,69367599,,
LSE,PTY,GBP,5/17/2017,1/1/2017,12/31/2017,1/1/2016,12/31/2016,1,1,1,1,1,,,,,,1,0,0,0,0,0,0,1,0,0,0,1800000,2017270,0.01089,0.01253,91764000,94500000,806000,1300000,2200000,2391270,,
LSE,WG.,GBP,5/17/2017,1/1/2017,12/31/2017,1/1/2016,12/31/2016,15,14,13,14,13,,,,,,7,2,5,0,1,0.26868,0.26695,14,0.52608,0.71052,5,272730011,241403503,0.51875,0.44219,3993040039,3796640137,198679993,169309998,325941498,298841003,,
LSE,ROR,GBP,5/17/2017,1/1/2017,12/31/2017,1/1/2016,12/31/2016,20,18,14,18,16,,,,,,2,2,12,1,3,0.051,0.05276,18,0.11622,0.1101,7,120593994,128750000,0.1,0.10779,590078003,631098511,67172997,74199997,134252502,142257507,,
LSE,JKX,GBP,5/17/2017,1/1/2017,12/31/2017,1/1/2016,12/31/2016,1,2,2,1,2,,,,,,1,0,1,0,0,0,0,1,0,0,0,-3560870,4487530,-0.03512,-0.00481,59764500,69414452,-30036800,2961325,17966200,21982250,,
LSE,COST,GBP,5/17/2017,1/1/2017,12/31/2017,1/1/2016,12/31/2016,5,5,4,4,5,,,,,,5,0,0,0,0,0.127,0.14697,5,0.57211,0.16849,1,41099998,47772102,0.307,0.33803,1573699951,1663900024,26400000,33500000,47500000,54409302,,
LSE,ZYT,GBP,5/17/2017,10/1/2016,9/30/2017,10/1/2015,9/30/2016,1,1,0,1,1,,,,,,0,0,0,0,0,0.1441,0.1656,1,0,0,0,4273000,5407500,0.261,0.28626,21087000,21900000,4087000,0,5394000,6507500,,
LSE,SGR,GBP,1/8/2017,1/1/2016,12/31/2016,1/1/2016,12/31/2016,1,1,1,1,1,,,,,,0,0,0,0,0,0.05,0.05,1,0,0,0,5112000,5112000,0.115,0.115,35527000,35527000,2604000,2604000,6163000,6163000,,
LSE,SFR,GBP,5/17/2017,4/1/2017,3/31/2018,4/1/2016,3/31/2017,5,5,3,4,5,,,,,,3,0,1,0,0,0.021,0.024,5,0.0484,0.03798,1,19813351,21301950,0.054,0.059,264700012,270000000,14200000,15500000,23799999,25600000,,
LSE,SNR,GBP,5/17/2017,1/1/2017,12/31/2017,1/1/2016,12/31/2016,11,11,8,11,10,,,,,,3,0,7,0,1,0.0657,0.0685,11,0.12,0.09338,3,85599998,80825203,0.1436,0.133,917000000,984000000,45400002,41271351,119099998,117449997,,
LSE,SIR,GBP,5/17/2017,1/1/2017,12/31/2017,1/1/2016,12/31/2016,3,3,3,3,2,,,,,,2,0,0,0,0,0.0588,0.137,3,0,0,0,71500000,85171997,0.111,0.1361,93213997,105099998,92329002,81862999,71376503,89713501,,
LSE,MCGN,GBP,5/17/2017,1/1/2017,12/31/2017,1/1/2016,12/31/2016,1,1,1,1,1,,,,,,1,0,0,0,0,0.05,0.056,1,0,0,0,9500000,10600000,0.116,0.126,42987999,46000000,6243000,6900000,10100000,11200000,,
LSE,VP.,GBP,5/17/2017,4/1/2017,3/31/2018,4/1/2016,3/31/2017,1,2,1,2,2,,,,,,0,0,0,0,0,0.21112,0.23279,1,0,0,0,36599998,39290001,0.66612,0.73449,242935501,260063995,26959999,28982000,69300003,73302505,,
LSE,TEP,GBP,5/17/2017,4/1/2017,3/31/2018,4/1/2016,3/31/2017,4,4,2,3,4,,,,,,3,0,1,0,0,0.48,0.5215,4,0.23083,0.26318,2,54509499,54941299,0.59363,0.60023,760235962,824517456,73608299,40777248,58021149,59650002,,
LSE,SCS,GBP,5/17/2017,8/1/2016,7/31/2017,8/1/2015,7/31/2016,2,2,1,2,2,,,,,,2,0,0,0,0,0.145,0.1485,2,0,0,0,11000000,11395550,0.218,0.21934,334660004,350349976,8729000,8500000,16000000,16893650,,
LSE,WKP,GBP,5/17/2017,4/1/2017,3/31/2018,4/1/2016,3/31/2017,8,2,5,6,5,,,,,,4,0,2,0,2,0.21035,0.2427,8,0.2924,0.33895,2,61415852,69338455,0.28758,0.34426,76899994,85250000,15000000,-9300000,61136902,71169403,,
LSE,SXS,GBP,5/17/2017,1/1/2017,12/31/2017,1/1/2016,12/31/2016,15,14,12,14,13,,,,,,7,0,6,0,2,0.52,0.546,13,1.6124,1.50312,6,200800003,211600006,1.27,1.347,1345800049,1470300049,10300000,123899994,229100006,245421997,,
LSE,SUS,GBP,5/17/2017,2/1/2017,1/31/2018,2/1/2016,1/31/2017,2,2,2,2,0,,,,,,1,0,0,0,0,0.905,1.042,2,0,0,0,26885500,32710503,1.691,2.003,60521000,73891495,20341999,24049500,0,0,,
LSE,SVS,GBP,5/17/2017,1/1/2017,12/31/2017,1/1/2016,12/31/2016,3,3,2,2,2,,,,,,1,1,1,0,0,0.29,0.2954,2,0.68665,0.68523,2,128699997,131178009,0.71,0.6738,1445900024,1457729980,66900002,86287354,131149994,137879501,,
LSE,WEIR,GBP,5/17/2017,1/1/2017,12/31/2017,1/1/2016,12/31/2016,21,19,16,19,17,,,,,,11,0,7,0,3,0.44,0.44,16,0.81725,0.95679,7,214000000,280699005,0.608,0.86836,1844900024,2187600098,38200001,151138000,266549988,353325012,,
LSE,HSX,GBP,5/17/2017,1/1/2017,12/31/2017,1/1/2016,12/31/2016,14,8,11,6,3,,,,,,5,1,5,2,2,0.275,0.29575,12,0,0,0,374904480,230537506,1.16,0.692,2402570068,2598000000,336985992,202250000,374808990,233074997,,
LSE,VCP,GBP,5/17/2017,4/1/2017,3/31/2018,4/1/2016,3/31/2017,3,3,2,3,2,,,,,,2,0,0,0,0,0,0,3,0.2068,0.24684,1,31573500,40687500,0.237,0.3,318483002,380472992,20577250,27685749,43126499,53121498,,
LSE,RRS,GBP,5/17/2017,1/1/2017,12/31/2017,1/1/2016,12/31/2016,23,21,19,17,14,,,,,,15,2,7,0,1,0.80929,1.08844,18,4.50774,4.36424,10,313153015,347644012,2.11224,2.44667,971771973,975572021,200278000,232705994,455174988,463125488,,
LSE,RPS,GBP,5/17/2017,1/1/2017,12/31/2017,1/1/2016,12/31/2016,3,3,2,2,3,,,,,,1,1,1,0,0,0.0974,0.0998,3,0.20187,0.14743,1,55900002,58396599,0.1651,0.17067,594471008,545000000,25080999,30016998,64300003,66599998,,
LSE,RWS,GBP,5/17/2017,10/1/2016,9/30/2017,10/1/2015,9/30/2016,1,1,0,0,0,,,,,,0,1,0,0,0,0.056,0.064,1,0,0,0,0,0,0.108,0.134,121986000,161100006,19333000,0,0,0,,
LSE,IPX,GBP,5/17/2017,10/1/2016,9/30/2017,10/1/2015,9/30/2016,2,2,1,2,1,,,,,,1,0,0,0,0,0.0195,0.025,1,0,0,0,4226000,6950000,0.0362,0.04884,21066999,28374649,4177000,5640000,4312390,7547360,,
LSE,RE.,GBP,5/17/2017,1/1/2017,12/31/2017,1/1/2016,12/31/2016,1,2,1,2,2,,,,,,1,0,0,0,0,0,0.03192,1,-0.09792,0.12431,1,-485575,17401249,-0.30186,-0.02406,67737549,96953003,-10439800,5854750,14486250,33320801,,
LSE,RM.,GBP,5/17/2017,12/1/2016,11/30/2017,12/1/2015,11/30/2016,3,3,2,3,2,,,,,,2,1,0,0,0,0.06,0.063,3,-0.11822,0.08202,1,18814499,21400000,0.174,0.173,167615005,177300003,11646000,13350000,20520050,22872650,,
LSE,PMP,GBP,5/17/2017,1/1/2017,12/31/2017,1/1/2016,12/31/2016,2,2,2,2,1,,,,,,2,0,0,0,0,0.32275,0.3343,2,0,0,0,8000000,10000000,0.591,0.6625,76677002,83300003,6225000,7000000,9750000,12400000,,
LSE,PHP,GBP,5/17/2017,1/1/2017,12/31/2017,1/1/2016,12/31/2016,5,4,3,4,2,,,,,,1,0,2,0,0,0.05125,0.0525,5,0,0,0,61050003,65949997,0.047,0.05322,67439003,73182007,43701000,43599998,61069500,63511101,,
LSE,TRS,GBP,5/17/2017,1/1/2017,12/31/2017,1/1/2016,12/31/2016,4,4,1,4,4,,,,,,3,1,0,0,0,0.0899,0.09577,4,0.04122,0.13557,1,18372700,39881149,0.151,0.27077,68358002,126127502,7091000,25400000,21400000,42260399,,
LSE,INCH,GBP,5/17/2017,1/1/2017,12/31/2017,1/1/2016,12/31/2016,10,9,6,9,9,,,,,,6,0,3,0,0,0.238,0.264,9,0.63609,0.76307,4,359000000,396579987,0.589,0.64494,7838399902,8373639648,191300003,277544006,406649994,455700012,,
LSE,NEX,GBP,5/17/2017,1/1/2017,12/31/2017,1/1/2016,12/31/2016,11,10,9,9,10,,,,,,9,0,2,0,0,0.123,0.13508,10,0.51575,0.56051,4,219000000,238934998,0.272,0.2931,2103699951,2292819824,139500000,149565994,342000000,372479492,,
LSE,VER,GBP,5/17/2017,7/1/2016,6/30/2017,7/1/2015,6/30/2016,8,8,6,8,7,,,,,,2,1,3,0,0,0,0,4,0,0,0,-26230000,-31604050,-0.038,-0.04969,12034000,16473999,-14495000,-25545500,-26299999,-30100000,,
LSE,FDSA,GBP,5/17/2017,1/1/2017,12/31/2017,1/1/2016,12/31/2016,7,5,2,3,3,,,,,,0,1,3,0,3,0.925,0.93,5,1.94766,2.05884,1,49200001,48882198,0.923,0.92314,331899994,355101013,35754002,35803101,87331001,84000000,,
LSE,SGP,GBP,5/17/2017,5/1/2017,4/30/2018,5/1/2016,4/30/2017,8,8,5,6,7,,,,,,7,0,4,0,0,0.27,0.3095,8,0.79551,0.99027,1,88250000,100150002,0.84724,0.953,744500000,845900024,68000000,78099998,123000000,140000000,,
LSE,SLP,GBP,5/17/2017,7/1/2016,6/30/2017,7/1/2015,6/30/2016,1,1,0,1,1,,,,,,1,0,0,0,0,0,0.00402,1,0,0,0,-2524019,8057096,0.00947,0.0161,30167740,34989811,2533100,0,3192771,12330314,,
LSE,SMP,GBP,5/17/2017,12/1/2016,11/30/2017,12/1/2015,11/30/2016,5,2,2,3,2,,,,,,5,0,0,0,0,0.06,0.0622,5,0,0,0,78000000,75000000,0.23239,0.19378,40500000,44599998,53400002,51400002,71199997,72309349,,
LSE,SRP,GBP,5/17/2017,1/1/2017,12/31/2017,1/1/2016,12/31/2016,16,14,10,12,13,,,,,,3,0,11,0,2,0,0,14,-0.02225,-0.01988,5,82099998,67338501,0.0413,0.025,3047800049,3102850098,16900000,26888100,165100006,118300003,,
LSE,MONI,GBP,5/17/2017,7/1/2016,6/30/2017,7/1/2015,6/30/2016,1,1,1,1,1,,,,,,0,0,0,0,0,0,0,1,0,0,0,-47900002,-27700001,-0.105,-0.005,67565002,58900002,-233371002,-11100000,-19622999,600000,,
LSE,CAY,GBP,5/17/2017,4/1/2017,3/31/2018,4/1/2016,3/31/2017,2,2,1,2,1,,,,,,2,0,1,0,0,0.0725,0.105,2,0,0,0,8950001,14250000,0.13017,0.20042,142863495,150665009,4600000,9600000,11165800,15116700,,
LSE,CEY,GBP,5/17/2017,1/1/2017,12/31/2017,1/1/2016,12/31/2016,12,12,11,11,12,,,,,,10,0,3,0,0,0.12746,0.06184,11,0.25897,0.20259,5,215284500,179852005,0.20279,0.08935,556296021,524745972,173798996,101153999,301783997,254379990,,
LSE,GFTU,GBP,5/17/2017,1/1/2017,12/31/2017,1/1/2016,12/31/2016,12,11,5,11,10,,,,,,5,0,7,0,0,0.1375,0.145,11,0.51715,0.64503,3,142000000,147789993,0.4752,0.49025,2507270020,2661000000,93347000,116000000,177000000,188757004,,
LSE,XAR,GBP,5/17/2017,1/1/2017,12/31/2017,1/1/2016,12/31/2016,5,5,2,4,5,,,,,,4,0,0,0,0,0.1,0.105,5,-0.08818,0.22787,1,19000000,11107750,0.212,0.1443,96178001,109231003,14801000,9850000,27185501,22500000,,
LSE,PET,GBP,11/15/2015,1/1/2015,12/31/2015,1/1/2014,12/31/2014,0,0,0,0,0,,,,,,1,0,0,0,0,0,0,1,0,0,0,0,0,-0.02305,0,0,0,-2296700,0,-2328130,0,,
LSE,TLW,GBP,5/17/2017,1/1/2017,12/31/2017,1/1/2016,12/31/2016,20,16,15,15,17,,,,,,5,3,11,0,2,0,0,18,0.37907,0.53174,11,-521670044,346375000,-0.4535,0.07594,1027709961,1292395020,-485493011,97391296,645372498,871526001,,
LSE,BBY,GBP,5/17/2017,1/1/2017,12/31/2017,1/1/2016,12/31/2016,9,9,7,8,8,,,,,,5,1,3,0,0,0.027,0.03777,9,-0.00963,0.13174,3,67000000,117098495,0.07,0.129,6923000000,7427759766,48000000,82330002,111000000,169797501,,
LSE,BOY,GBP,5/17/2017,1/1/2017,12/31/2017,1/1/2016,12/31/2016,16,16,13,16,14,,,,,,9,1,4,1,0,0.158,0.16545,16,0.61998,0.68416,5,99599998,110094498,0.37,0.41095,600599976,649930542,67000000,75794998,154800003,171263000,,
LSE,BMY,GBP,5/17/2017,3/1/2017,2/28/2018,2/29/2016,2/28/2017,1,1,0,1,1,,,,,,0,1,0,0,0,0.067,0.07,1,0,0,0,11900000,12000000,0.12,0.121,137000000,142000000,0,0,14800000,15000000,,
LSE,BWY,GBP,5/17/2017,8/1/2016,7/31/2017,8/1/2015,7/31/2016,15,12,9,12,12,,,,,,10,1,3,1,0,1.08,1.15,13,1.32374,0.7665,7,492007996,536075989,3.13911,3.449,2240649902,2433500000,402902008,423799988,495052002,538926025,,
LSE,AEX,GBP,5/17/2017,1/1/2017,12/31/2017,1/1/2016,12/31/2016,1,1,1,1,1,,,,,,2,0,1,0,0,0,0,1,0,0,0,490055,2191430,-0.00081,0.00078,3993040,6965640,-2050740,1643570,3077510,6809110,,
LSE,QRT,GBP,5/17/2017,1/1/2017,12/31/2017,1/1/2016,12/31/2016,0,0,0,0,0,,,,,,1,0,0,0,0,0,0,0,0,0,0,0,0,0.04532,0,152496994,0,-4610520,0,0,0,,
LSE,RAT,GBP,5/17/2017,1/1/2017,12/31/2017,1/1/2016,12/31/2016,9,7,5,5,4,,,,,,1,1,7,0,1,0.57,0.595,8,1.49116,1.70101,1,73231598,81699997,1.221,1.25839,251283005,276899994,38157001,48900002,76720001,82382004,,
LSE,RPT,GBP,5/17/2017,1/1/2017,12/31/2017,1/1/2016,12/31/2016,0,1,1,0,1,,,,,,1,0,0,0,0,0,0,0,0,0,0,0,0,-0.00324,0,20765499,20849400,-1018890,772201,8092900,11583000,,
LSE,RST,GBP,5/17/2017,1/1/2017,12/31/2017,1/1/2016,12/31/2016,4,4,2,3,4,,,,,,4,0,0,0,0,0.04,0.04866,3,0.08543,0.16168,2,25000000,33199699,0.098,0.21,129399994,169065994,18299999,15789900,29150000,38683399,,
LSE,ALY,GBP,5/17/2017,7/1/2016,6/30/2017,7/1/2015,6/30/2016,1,1,1,1,1,,,,,,1,0,0,0,0,0.025,0.013,1,0,0,0,29000000,13500000,0.026,0.012,400899994,286600006,17000000,8700000,34799999,17500000,,
LSE,HYNS,GBP,5/15/2017,6/1/2016,5/31/2017,6/1/2015,5/31/2016,1,1,0,1,0,,,,,,1,0,0,0,0,0.075,0.075,1,0,0,0,2460000,2700000,0.076,0.088,25709999,29700001,-1779000,0,8380000,0,,
LSE,SAT,GBP,3/12/2017,12/1/2016,11/30/2017,12/1/2015,11/30/2016,1,1,0,1,1,,,,,,1,0,0,0,0,0,0,0,0,0,0,900000,4700000,0.001,0.006,19799999,38099998,0,0,1100000,5500000,,
LSE,CFX,GBP,5/7/2017,5/1/2017,4/30/2018,5/1/2016,4/30/2017,1,1,0,1,1,,,,,,0,0,1,0,0,0.048,0.05,1,0.00098,0.21736,1,3000000,3608000,0.197,0.237,78929001,80597000,0,0,5200000,5908000,,
LSE,SPT,GBP,5/17/2017,1/1/2017,12/31/2017,1/1/2016,12/31/2016,12,10,6,9,9,,,,,,3,0,8,0,1,0.03148,0.03239,10,0.05708,0.07791,2,37632000,42406200,0.04281,0.05127,370574005,370554504,-34233002,26139650,53558250,61063900,,
LSE,SMDS,GBP,5/17/2017,5/1/2017,4/30/2018,5/1/2016,4/30/2017,12,11,5,10,10,,,,,,5,1,6,0,0,0.145,0.156,11,0.48033,0.52561,3,438318481,461250000,0.32038,0.33477,4683100098,4963580078,210199997,272299988,599318481,626689026,,
LSE,ANTO,GBP,5/17/2017,1/1/2017,12/31/2017,1/1/2016,12/31/2016,24,20,17,20,21,,,,,,5,1,11,0,8,0.14567,0.14625,20,0.93451,1.0993,12,763403015,936532471,0.28082,0.37502,2931000000,3186839844,142434998,372544006,1246830078,1466290039,,
LSE,BEZ,GBP,5/17/2017,1/1/2017,12/31/2017,1/1/2016,12/31/2016,10,8,8,2,1,,,,,,4,1,3,1,1,0.20448,0.12557,10,0.22461,0.19592,1,249261002,212184509,0.38279,0.31105,1776869995,1878094971,203130997,170216507,0,192949005,,
LSE,SIV,GBP,5/17/2017,8/1/2016,7/31/2017,8/1/2015,7/31/2016,4,4,1,4,4,,,,,,2,0,2,0,0,0.078,0.02,4,0.08795,0.13724,1,33299999,25299999,0.1749,0.12909,367545990,378100006,-8105000,1300000,41021999,33954002,,
LSE,MLIN,GBP,5/17/2017,1/1/2017,12/31/2017,1/1/2016,12/31/2016,1,1,0,1,1,,,,,,1,0,0,0,0,0.013,0,1,0,0,0,1100000,3400000,0.037,0.129,80099998,85000000,-600000,0,3900000,6400000,,
LSE,TET,GBP,5/17/2017,10/1/2016,9/30/2017,10/1/2015,9/30/2016,2,3,2,3,3,,,,,,1,0,0,0,0,0.0435,0.055,2,0,0,0,9549000,13300000,0.1265,0.184,88040001,102000000,6149000,9278500,11038000,14900000,,
LSE,TPT,GBP,5/17/2017,10/1/2016,9/30/2017,10/1/2015,9/30/2016,3,3,0,2,3,,,,,,3,0,0,0,0,0.035,0.03658,3,0.0707,0.03139,1,23100000,22412050,0.0886,0.087,214994003,214800003,15531000,0,28900000,29000000,,
LSE,TST,GBP,5/17/2017,1/1/2017,12/31/2017,1/1/2016,12/31/2016,1,1,0,0,0,,,,,,1,0,0,0,0,0,0,0,0,0,0,0,0,0.0753,0.126,7624000,8700000,475000,0,0,0,,
LSE,TRT,GBP,5/17/2017,7/1/2016,6/30/2017,7/1/2015,6/30/2016,1,1,1,1,1,,,,,,0,0,0,0,0,0,0,1,0,0,0,-1200000,-2232000,0.18,-0.17424,5122000,1800000,1153000,-2200000,-900000,-1832000,,
LSE,DWHT,GBP,5/15/2017,10/1/2016,9/30/2017,10/1/2015,9/30/2016,1,1,1,1,0,,,,,,1,0,0,0,0,0,0.118,1,0,0,0,0,5900000,0.4075,0.486,47159000,49599998,3453000,4100000,0,0,,
LSE,ELCO,GBP,5/17/2017,1/1/2017,12/31/2017,1/1/2016,12/31/2016,2,2,1,2,2,,,,,,0,0,0,0,0,0.004,0.0045,2,0,0,0,1901000,2369245,0.016,0.02084,17795000,20445351,1243000,1700000,2770000,3419245,,
LSE,PRV,GBP,5/17/2017,12/1/2016,11/30/2017,12/1/2015,11/30/2016,1,1,0,0,1,,,,,,1,0,0,0,0,0.038,0.041,1,0.19155,0.20517,1,0,0,0.171,0.18031,109362999,122096001,7736000,0,13000000,13800000,,
LSE,XPP,GBP,5/17/2017,1/1/2017,12/31/2017,1/1/2016,12/31/2016,4,4,3,3,3,,,,,,3,0,0,0,0,0.71,0.76,4,1.18483,1.02268,1,28799999,31799999,1.153,1.2406,129800003,150050003,21299999,23600000,33000000,36599998,,
LSE,DTY,GBP,5/17/2017,1/1/2017,12/31/2017,1/1/2016,12/31/2016,4,4,3,3,4,,,,,,2,0,2,0,0,0.2285,0.25925,4,0.617,1.11143,2,101699997,105599998,1.198,1.251,313600006,332850006,57200001,62400002,116400002,123650002,,
LSE,YNGN,GBP,4/23/2017,4/1/2017,3/31/2018,4/1/2016,3/31/2017,1,1,1,1,1,,,,,,0,0,1,0,0,0.188,0.203,1,0,0,0,45154900,46194000,0.63165,0.64162,260373993,273722992,30714500,31263700,63427601,64967300,,
LSE,VCT,GBP,5/17/2017,10/1/2016,9/30/2017,10/1/2015,9/30/2016,18,16,12,14,16,,,,,,2,2,11,1,2,0.4682,1.02124,11,0.98,1.15144,4,100000000,109555496,0.967,1.04062,252300003,272599487,82500000,88090401,115300003,125000000,,
LSE,RDW,GBP,5/17/2017,7/1/2016,6/30/2017,7/1/2015,6/30/2016,13,12,8,11,11,,,,,,9,1,2,1,0,0.1,0.15,10,0.21607,0.226,7,261000000,316299988,0.552,0.67944,1382000000,1617505005,200000000,245799988,262000000,318000000,,
LSE,RSW,GBP,5/17/2017,7/1/2016,6/30/2017,7/1/2015,6/30/2016,10,9,5,8,7,,,,,,2,0,7,0,2,0.48,0.501,8,0.75935,1.34624,3,79513000,104591499,0.949,1.2079,436597992,527903015,69095001,87916496,109199997,132201004,,
LSE,FUM,GBP,5/17/2017,1/1/2017,12/31/2017,1/1/2016,12/31/2016,1,1,0,1,1,,,,,,0,0,0,0,0,0,0,1,0,0,0,-4027000,-7826810,-0.0365,-0.05413,170362,737461,-3697110,0,-4020000,-7819660,,
LSE,AMO,GBP,5/17/2017,12/1/2016,11/30/2017,12/1/2015,11/30/2016,4,4,1,4,4,,,,,,2,0,0,0,0,0.06075,0.067,4,0,0,0,10212999,10890600,0.135,0.1375,75178001,83467499,2680940,5500000,13493999,14650000,,
LSE,IMI,GBP,5/17/2017,1/1/2017,12/31/2017,1/1/2016,12/31/2016,21,18,17,14,17,,,,,,6,0,13,1,1,0.387,0.39861,19,0.79385,0.77607,8,224199997,238873001,0.594,0.62032,1649000000,1711284912,130800003,141000000,265500000,280200012,,
LSE,CIN,GBP,7/19/2015,4/1/2015,3/31/2016,4/1/2014,3/31/2015,1,1,0,1,1,,,,,,0,0,0,0,0,0,0,1,0,0,0,-1000000,0,0,0,3000000,3000000,0,0,-1000000,0,,
LSE,CKN,GBP,5/17/2017,1/1/2017,12/31/2017,1/1/2016,12/31/2016,4,4,4,4,4,,,,,,3,0,0,0,1,0.65,0.68,4,1.105,1.2057,1,44200001,48660801,1.042,1.1479,306100006,323950012,37900002,31150000,49200001,53810799,,
LSE,CSN,GBP,5/17/2017,1/1/2017,12/31/2017,1/1/2016,12/31/2016,1,1,1,1,0,,,,,,2,0,0,0,0,0.1949,0.2,1,0,0,0,48099998,46599998,0.2756,0.35126,109449997,275000000,35279999,52599998,0,0,,
LSE,DWHA,GBP,5/15/2017,10/1/2016,9/30/2017,10/1/2015,9/30/2016,1,1,1,1,0,,,,,,1,0,0,0,0,0,0.118,1,0,0,0,0,5900000,0.4075,0.486,47159000,49599998,3453000,4100000,0,0,,
LSE,DKL,GBP,5/17/2017,1/1/2017,12/31/2017,1/1/2016,12/31/2016,1,1,1,1,0,,,,,,1,0,0,0,0,0.00171,0.00192,1,0,0,0,3670470,6805580,0.00854,0.0192,22278900,32544601,2219350,5671320,0,0,,
LSE,GAL,CAD,9/20/2015,1/1/2015,12/31/2015,1/1/2014,12/31/2014,1,1,1,1,1,,,,,,1,0,0,0,0,0,0,1,0,0,0,-5100000,-2100000,-0.08,-0.02479,8332,0,-5264720,-2100000,-1700000,-1800000,,
LSE,SGC,GBP,5/17/2017,5/1/2017,4/30/2018,5/1/2016,4/30/2017,10,10,6,10,10,,,,,,4,0,3,0,3,0.12,0.12298,10,0.46822,0.44231,4,192782501,165000000,0.24119,0.21184,3976564941,3363899902,140287994,123303001,325334991,309901978,,
LSE,DOM,GBP,5/17/2017,1/1/2017,12/31/2017,1/1/2016,12/31/2016,10,8,5,8,7,,,,,,6,0,5,0,0,0.08,0.088,9,0.15403,0.16711,3,85599998,93119499,0.136,0.15044,360576996,416314514,71816002,74402702,93800003,104249001,,
LSE,LOK,GBP,5/17/2017,8/1/2016,7/31/2017,8/1/2015,7/31/2016,1,1,1,1,1,,,,,,0,0,0,0,0,0.09,0.1,1,0,0,0,4600000,5075040,0.1624,0.13204,16056000,16935900,4282000,3700000,6300000,6940040,,
LSE,PUB,GBP,5/17/2017,9/1/2016,8/31/2017,9/1/2015,8/31/2016,1,1,0,1,1,,,,,,0,0,1,0,0,0,0,1,0,0,0,168100006,161100006,0.188,0.1833,406799988,395799988,65300003,0,177899994,170419998,,
LSE,FUL,GBP,5/17/2017,4/1/2017,3/31/2018,4/1/2016,3/31/2017,1,1,1,1,1,,,,,,1,0,0,0,0,0,0,1,0,0,0,4301380,6198650,0.00582,0.00792,41000000,63000401,600000,2000000,7001080,10501100,,
LSE,AEN,GBP,1/1/2017,1/1/2017,12/31/2017,1/1/2016,12/31/2016,1,1,1,0,1,,,,,,1,0,0,0,0,0,0,0,0,0,0,0,0,-0.008,0.006,53439499,68292297,1914020,9493550,13780900,25341600,,
LSE,CAM,GBP,5/17/2017,1/1/2017,12/31/2017,1/1/2016,12/31/2016,1,1,0,0,0,,,,,,1,0,0,0,0,1.3,1.31,1,0,0,0,8900000,0,5.10499,1.051,257899994,279299988,-10700000,0,19299999,0,,
LSE,WGB,GBP,5/17/2017,2/1/2017,1/31/2018,2/1/2016,1/31/2017,3,3,1,2,3,,,,,,3,0,0,0,0,0.036,0.045,3,0,0,0,10599000,14500650,0.1292,0.15738,92373001,121696999,8577000,11900000,13400000,17901300,,
LSE,COM,GBP,5/17/2017,1/1/2017,12/31/2017,1/1/2016,12/31/2016,1,1,1,1,1,,,,,,1,0,0,0,0,0,0,1,0,0,0,-800000,2100000,-0.0166,0.021,21513800,31000000,-918113,1500000,2700000,3900000,,
LSE,SIA,GBP,5/17/2017,1/1/2017,12/31/2017,1/1/2016,12/31/2016,10,8,8,7,7,,,,,,2,0,8,0,0,0.04289,0.04754,7,0.11512,0.18488,4,5826890,23850500,-0.04532,0.02571,125115997,131183502,-14810000,4049191,70044098,81433800,,
LSE,LMI,GBP,5/17/2017,10/1/2016,9/30/2017,10/1/2015,9/30/2016,16,12,10,11,13,,,,,,0,0,4,1,9,0,0,12,0.18651,0.11669,8,5619780,-57942699,-0.28581,-0.09517,897559021,857464478,-274566010,-25930950,91600601,36165600,,
LSE,FAN,GBP,5/17/2017,8/1/2016,7/31/2017,8/1/2015,7/31/2016,4,4,2,4,3,,,,,,3,0,1,0,0,0.038,0.041,4,0,0.14015,1,32500000,35750000,0.126,0.13555,154500000,182100006,15607000,21200850,35400002,39599998,,
LSE,RYA,EUR,5/17/2017,4/1/2017,3/31/2018,4/1/2016,3/31/2017,26,22,18,22,21,,,,,,18,1,6,1,0,0,0,21,1.4681,1.74283,10,1538854980,1712939941,1.05,1.19756,6661325195,7022160156,1315000000,1457500000,2038000000,2258989990,,
LSE,NSH,GBP,5/17/2017,1/1/2017,12/31/2017,1/1/2016,12/31/2016,1,1,0,1,1,,,,,,0,0,0,0,0,0.013,0.01365,1,0,0,0,1200450,1400000,0.015,0.02756,32098000,35000000,280000,0,1800450,2300000,,
LSE,RWA,GBP,5/17/2017,1/1/2017,12/31/2017,1/1/2016,12/31/2016,6,5,3,6,6,,,,,,5,1,0,0,0,0.085,0.094,6,0.356,0,0,26200001,31022499,0.254,0.283,998534973,1214000000,19896999,20900000,30400000,35250000,,
LSE,ACL,GBP,5/17/2017,4/1/2017,3/31/2018,4/1/2016,3/31/2017,4,4,1,2,4,,,,,,3,0,0,0,0,0.084,0.0866,4,0.27591,0.1931,1,19750000,23450001,0.1885,0.208,335886993,363149994,1100000,9000000,23049999,27349998,,
LSE,AGL,GBP,5/17/2017,5/1/2017,4/30/2018,5/1/2016,4/30/2017,2,2,2,2,2,,,,,,1,0,0,0,0,0,0,1,0,0,0,-8360411,-6156925,-0.05876,-0.0447,1151675,3459210,-7995610,-5830340,-7404490,-5170010,,
LSE,CAL,GBP,5/17/2017,1/1/2017,12/31/2017,1/1/2016,12/31/2016,5,5,3,4,1,,,,,,4,0,1,0,0,0.0338,0.03661,5,0,0,0,44900002,46699997,0.038,0.041,87199997,53799999,-4400000,22601000,42000000,46131001,,
LSE,CCL,GBP,5/17/2017,12/1/2016,11/30/2017,12/1/2015,11/30/2016,25,21,20,21,19,,,,,,13,1,10,0,1,1.09285,1.16657,17,4.95926,5.13332,8,2486035889,2461052979,2.79284,2.94376,13267223633,13583486328,2088561523,2136816895,3892981689,3928179443,,
LSE,CML,GBP,5/17/2017,4/1/2017,3/31/2018,4/1/2016,3/31/2017,1,1,1,1,1,,,,,,0,0,0,0,0,0.072,0.078,1,0,0,0,4200000,4700000,0.201,0.229,26799999,28799999,3400000,3900000,9100000,10000000,,
LSE,SCE,GBP,5/17/2017,6/1/2016,5/31/2017,6/1/2015,5/31/2016,2,2,1,2,1,,,,,,1,0,0,0,0,0,0,1,0,0,0,-1100000,-1545595,-0.0144,-0.01341,1362000,1214820,-848000,-1200000,-1000000,-1468690,,
LSE,PGD,GBP,12/11/2016,1/1/2016,12/31/2016,1/1/2015,12/31/2015,0,0,0,0,0,,,,,,1,0,0,0,0,0,0,0,0,0,0,0,0,-0.00669,0,17727100,0,-9765920,0,0,0,,
LSE,TSG,GBP,3/12/2017,1/1/2017,12/31/2017,1/1/2016,12/31/2016,0,0,0,0,0,,,,,,1,0,0,0,0,0,0,0,0,0,0,0,0,0,0,0,0,0,0,0,0,,
LSE,ABBY,EUR,5/17/2017,5/1/2017,4/30/2018,5/1/2016,4/30/2017,2,2,0,2,2,,,,,,2,0,0,0,0,0.155,0.165,2,0,0,0,48885151,39498253,1.84651,1.48005,207089996,194184509,0,0,56985153,47698250,,
LSE,VOF,GBP,5/17/2017,7/1/2016,6/30/2017,7/1/2015,6/30/2016,0,0,0,0,0,,,,,,1,0,0,0,0,0,0,1,0,0,0,0,0,0,0,0,0,0,0,0,0,,
LSE,FSJ,GBP,5/17/2017,1/1/2017,12/31/2017,1/1/2016,12/31/2016,4,4,3,4,4,,,,,,1,0,2,0,1,0.262,0.28732,4,0,0,0,50790497,56650002,0.763,0.839,465968994,522300049,39752998,42400002,75400497,81300003,,
LSE,ECK,GBP,5/17/2017,4/1/2017,3/31/2018,4/1/2016,3/31/2017,3,3,2,3,3,,,,,,2,0,0,0,0,0.00505,0.00621,2,0.00214,0.02197,1,4270070,5075900,0.01328,0.01644,28236000,31299999,3348025,4084360,5700000,6600000,,
LSE,ASH,GBP,5/17/2017,5/1/2017,4/30/2018,5/1/2016,4/30/2017,1,1,0,0,0,,,,,,1,0,0,0,0,0,0,0,0,0,0,0,0,0.002,0.03,17400000,31700001,0,0,0,0,,
LSE,RGD,GBP,5/17/2017,4/1/2017,3/31/2018,4/1/2016,3/31/2017,1,1,1,1,1,,,,,,0,0,0,0,0,0.001,0.003,1,0,0,0,3084000,6995990,0.026,0.063,118500000,134300003,2000000,5100000,5500000,9800000,,
LSE,RED,GBP,5/17/2017,1/1/2017,12/31/2017,1/1/2016,12/31/2016,2,3,2,2,2,,,,,,2,0,0,0,0,0,0,1,0,0,0,-4694790,-7420620,-0.0105,-0.01187,9243620,10600000,-4709300,-7589835,-4438710,-5682105,,
LSE,FOUR,GBP,5/17/2017,1/1/2017,12/31/2017,1/1/2016,12/31/2016,6,6,5,5,5,,,,,,3,1,1,0,0,0.42488,0.45211,6,0.47831,0.74928,2,30753000,33693501,0.79901,0.84606,451764008,481793518,19810600,23751801,33019001,35830200,,
LSE,NUM,GBP,4/16/2017,10/1/2016,9/30/2017,10/1/2015,9/30/2016,1,1,1,0,1,,,,,,0,0,0,0,0,0.12,0.125,1,0,0,0,0,0,0.224,0.2126,112334999,113084999,26399000,25150000,29986000,32230999,,
LSE,MUL,GBP,3/26/2017,4/1/2016,3/31/2017,4/1/2015,3/31/2016,1,0,0,0,0,,,,,,0,0,1,0,0,0,0,0,0,0,0,0,0,0.054,0.078,155867004,0,2685000,0,0,0,,
LSE,CMH,GBP,5/17/2017,4/1/2017,3/31/2018,4/1/2016,3/31/2017,1,1,1,1,1,,,,,,0,0,0,0,0,0,0,1,0,0,0,1060000,2240000,0.1281,0.1941,31660000,36910000,-810000,1220000,2460000,3740000,,
LSE,GFRD,GBP,5/17/2017,7/1/2016,6/30/2017,7/1/2015,6/30/2016,5,5,4,4,4,,,,,,2,0,3,0,0,0.82,0.94,5,1.02319,0.17552,2,145699997,152500000,1.325,1.513,2494899902,2672000000,108900002,87150002,153100006,159250000,,
LSE,HLCL,GBP,5/17/2017,4/1/2017,3/31/2018,4/1/2016,3/31/2017,1,0,0,0,0,,,,,,1,1,0,0,0,0.08994,0.09893,2,0,0,0,0,0,0.1165,0.22804,0,0,0,0,0,0,,
LSE,TEF,GBP,5/17/2017,4/1/2017,3/31/2018,4/1/2016,3/31/2017,4,3,3,3,2,,,,,,2,0,1,0,0,0.157,0.161,3,-0.398,-1.0505,2,40500000,53599998,0.359,0.4695,291000000,354399994,26700001,35099998,40700001,54500000,,
LSE,JEL,GBP,5/17/2017,10/1/2016,9/30/2017,10/1/2015,9/30/2016,1,1,1,1,1,,,,,,0,0,0,0,0,0.135,0.142,1,0,0,0,14333000,14788000,0.3331,0.343,103361000,104503998,11547000,10589000,24559000,25673000,,
LSE,AGK,GBP,5/17/2017,1/1/2017,12/31/2017,1/1/2016,12/31/2016,18,15,10,13,14,,,,,,3,0,9,1,5,0.2712,0.2712,16,1.39531,1.81463,8,248000000,235487000,0.6195,0.5846,1515000000,1629329956,125000000,146031998,531000000,539983521,,
LSE,IMM,GBP,5/17/2017,1/1/2017,12/31/2017,1/1/2016,12/31/2016,1,1,1,1,1,,,,,,2,0,0,0,0,0,0,1,0,0,0,-6540000,-4840000,-0.0425,-0.0331,100000,100000,-5010000,-4130000,-6460000,-4720000,,
LSE,IOM,GBP,5/17/2017,4/1/2017,3/31/2018,4/1/2016,3/31/2017,3,3,1,3,3,,,,,,1,0,1,0,0,0.05012,0.05666,3,0.15301,0.16291,1,23564100,25795000,0.16708,0.18714,89247597,98093399,12900000,15800000,36599998,39668701,,
LSE,AUK,GBP,4/30/2017,10/1/2016,9/30/2017,10/1/2015,9/30/2016,0,0,0,0,0,,,,,,0,0,0,0,0,0.0018,0,0,0,0,0,-40000,0,0.00496,0,20840000,0,0,0,500000,0,,
LSE,BRBY,GBP,5/17/2017,4/1/2017,3/31/2018,4/1/2016,3/31/2017,28,25,25,25,21,,,,,,4,1,19,2,3,0.38,0.4,22,1.03266,1.11304,10,456500000,466496002,0.7743,0.80462,2766000000,2828000000,305899994,342000000,601000000,616000000,,
LSE,WSE,PLN,5/17/2017,1/1/2017,12/31/2017,1/1/2016,12/31/2016,0,1,1,1,0,,,,,,1,0,1,0,0,0,0,0,0,0,0,63000000,140000000,0,0,2493000000,2731000000,49299999,65500000,0,0,,
LSE,PAG,GBP,5/17/2017,10/1/2016,9/30/2017,10/1/2015,9/30/2016,8,7,6,3,0,,,,,,6,0,2,1,0,0.135,0.14356,8,0,0,0,146148499,146500000,0.397,0.42541,244000000,257480011,116000000,118150002,0,0,,
LSE,HGM,GBP,5/17/2017,1/1/2017,12/31/2017,1/1/2016,12/31/2016,2,2,2,2,2,,,,,,1,0,1,0,0,0.07991,0.09061,2,0.32474,0.30448,2,71768295,67320496,0.11735,0.13603,247561996,240124496,38772301,44422348,131303497,117169495,,
LSE,TED,GBP,5/17/2017,2/1/2017,1/31/2018,2/1/2016,1/31/2017,9,9,3,8,9,,,,,,7,0,1,0,1,0.536,0.6105,8,1.45524,1.61501,2,67000000,76000198,1.126,1.278,530986023,588700012,46568001,55799999,87800003,99500000,,
LSE,POG,GBP,5/17/2017,1/1/2017,12/31/2017,1/1/2016,12/31/2016,2,2,2,2,2,,,,,,1,0,1,0,0,0,0,2,0.00594,0.02811,2,62315300,76502251,0.00809,0.01857,437570007,438226990,25659300,24849480,161856995,157931488,,
LSE,PMG,GBP,5/17/2017,7/1/2016,6/30/2017,7/1/2015,6/30/2016,3,4,2,2,3,,,,,,3,0,0,0,1,0.01,0,2,-0.0004,0.0003,1,-2610000,-3225000,-0.0676,-0.03,10441000,6400000,-6692000,-5000000,-2400000,-2450000,,
LSE,PKG,GBP,5/17/2017,4/1/2017,3/31/2018,4/1/2016,3/31/2017,2,2,1,2,0,,,,,,1,0,0,0,0,0.029,0.0304,2,0,0,0,11005500,11854500,0.0555,0.0595,310784485,322574493,9881000,10751000,0,0,,
LSE,OCN,GBP,5/17/2017,1/1/2017,12/31/2017,1/1/2016,12/31/2016,1,1,0,1,1,,,,,,2,0,0,0,0,0.50985,0.51286,1,0,0,0,77772797,75967598,1.03103,0.86706,369976013,372545013,93888199,0,120341003,118518997,,
LSE,SAG,GBP,5/17/2017,1/1/2017,12/31/2017,1/1/2016,12/31/2016,1,1,0,1,0,,,,,,1,0,0,0,0,0.042,0.044,1,0,0,0,6200000,6500000,0.111,0.119,36898998,37900002,2749000,0,0,0,,
LSE,SOG,GBP,5/17/2017,1/1/2017,12/31/2017,1/1/2016,12/31/2016,4,4,2,4,4,,,,,,2,0,0,0,0,0.029,0.029,4,0,0,0,3461000,5144700,0.034,0.0495,37544998,48973999,-10144000,1958000,5102000,6984700,,
LSE,CWK,GBP,5/17/2017,4/1/2017,3/31/2018,4/1/2016,3/31/2017,5,5,3,5,5,,,,,,4,0,2,0,0,0.42131,0.46279,5,1.10558,1.35327,2,74748398,83109901,1.176,1.32,1225180054,1319150024,60000000,65000000,99852997,111275002,,
LSE,PCF,GBP,5/17/2017,10/1/2016,9/30/2017,10/1/2015,9/30/2016,2,2,1,1,0,,,,,,1,0,0,0,0,0.00115,0.0025,2,0,0,0,0,9100000,0.01897,0.01897,77816002,64199997,4021000,2200000,0,0,,
LSE,LIO,GBP,5/17/2017,4/1/2017,3/31/2018,4/1/2016,3/31/2017,5,5,2,5,4,,,,,,4,1,1,0,0,0.14,0.175,5,0.00255,0.0036,1,15451000,22600000,0.26497,0.35924,47353001,68000000,11980499,18176500,15673000,23810400,,
LSE,VED,GBP,5/17/2017,4/1/2017,3/31/2018,4/1/2016,3/31/2017,8,6,5,6,6,,,,,,1,0,7,0,1,0.40464,0.3942,7,6.205,11.2376,1,1697645020,2296254883,0.44511,1.06256,9353535156,10892250000,138388000,278035004,2559489990,3265810059,,
LSE,BMK,GBP,5/17/2017,10/1/2016,9/30/2017,10/1/2015,9/30/2016,3,3,2,3,3,,,,,,2,1,0,0,0,0,0,1,0.0053,0.00035,1,5600000,6600000,0.0178,0.013,109375000,145529999,-18337000,-11748899,9183000,12028000,,
LSE,OPTI,GBP,4/30/2017,,,8/1/2015,7/31/2016,,,,,,,,,,,,,,,,0,,,0,,,-1200000,,-0.014,,300000,,-1146000,,-1100000,,,
LSE,HMSO,GBP,5/17/2017,1/1/2017,12/31/2017,1/1/2016,12/31/2016,17,7,9,12,11,,,,,,9,1,6,1,2,0.24,0.2547,18,0.2992,0.30811,6,322549988,347000977,0.292,0.31,398700012,410544006,317299988,250000000,304500000,317933990,,
LSE,SGM,GBP,5/17/2017,1/1/2017,12/31/2017,1/1/2016,12/31/2016,1,1,0,1,1,,,,,,0,0,0,0,0,0,0,1,0,0,0,1325000,4036910,0.0397,0.11933,5383000,7571070,3565000,0,1365000,4064910,,
LSE,COA,GBP,5/17/2017,1/1/2017,12/31/2017,1/1/2016,12/31/2016,4,4,3,3,4,,,,,,3,0,0,0,0,0.00664,0.01186,4,0.04602,0.05266,2,127543999,133972000,0.03974,0.04793,1179369995,1180919922,47990898,71848900,160725006,163916992,,
LSE,WIN,GBP,5/17/2017,4/1/2017,3/31/2018,4/1/2016,3/31/2017,4,4,3,4,4,,,,,,5,0,0,0,0,0.09,0.0965,4,0,0,0,51000000,51634449,0.26428,0.27836,1112540039,1145469971,31000000,33000000,64046646,65000000,,
LSE,SYM,GBP,5/17/2017,1/1/2017,12/31/2017,1/1/2016,12/31/2016,1,1,1,1,0,,,,,,1,0,0,0,0,0,0,1,0,0,0,200000,200000,0.001,0.001,6801000,7100000,168000,200000,0,0,,
LSE,WYN,GBP,5/17/2017,11/1/2016,10/31/2017,11/1/2015,10/31/2016,0,0,0,0,1,,,,,,0,0,1,0,0,0.12,0,0,0,0,0,7400000,0,0.2981,0,368143005,0,5829000,0,10100000,10747500,,
LSE,DCC,GBP,5/17/2017,4/1/2017,3/31/2018,4/1/2016,3/31/2017,14,13,9,13,13,,,,,,11,1,2,0,0,1.1,1.203,13,4.07858,4.3417,5,359200012,373528992,2.97455,3.21965,12093000000,12966799805,234000000,278613007,452200012,483584991,,
LSE,NMD,GBP,4/17/2016,1/1/2016,12/31/2016,1/1/2015,12/31/2015,1,1,0,1,1,,,,,,0,0,0,0,0,0,0,1,0,0,0,2191590,2705260,0.1232,0.19746,217612000,220408997,1251000,0,3880590,4394260,,
LSE,JSG,GBP,5/17/2017,1/1/2017,12/31/2017,1/1/2016,12/31/2016,2,3,2,2,2,,,,,,2,0,0,0,0,0.025,0.027,2,0.073,0.055,1,33750000,36400002,0.08,0.0795,301000000,279000000,20600000,22750000,82300003,90600006,,
LSE,REL,GBP,5/17/2017,1/1/2017,12/31/2017,1/1/2016,12/31/2016,21,17,14,16,17,,,,,,13,0,6,1,1,0.3595,0.39548,20,0.84647,1.00327,10,2114000000,2330000000,0.722,0.812,6895000000,7525939941,1488000000,1635000000,2371000000,2614000000,,
LSE,IMG,GBP,5/17/2017,5/1/2017,4/30/2018,5/1/2016,4/30/2017,14,12,8,12,11,,,,,,1,1,8,0,4,0,0,8,0.06093,0.14802,3,27008900,35067947,0.05275,0.0833,139935501,144690491,2017420,14012550,36799999,42623001,,
LSE,DATA,GBP,5/17/2017,1/1/2017,12/31/2017,1/1/2016,12/31/2016,1,1,0,1,1,,,,,,0,0,0,0,0,0.065,0.0765,1,0,0,0,18702999,21363600,0.0165,0.13604,100013000,109116997,1096000,0,20580000,22963600,,
LSE,SWL,GBP,5/17/2017,7/1/2016,6/30/2017,7/1/2015,6/30/2016,1,2,0,1,1,,,,,,0,0,0,0,0,0.031,0.05197,2,0,0,0,1790000,4756600,0.126,0.20726,54455002,69000000,2001000,0,3009000,6188920,,
LSE,DPLM,GBP,5/17/2017,10/1/2016,9/30/2017,10/1/2015,9/30/2016,4,3,2,2,3,,,,,,0,2,2,0,0,0.2,0.218,3,0.46169,0.38814,1,55400002,74300003,0.419,0.466,382600006,425100006,38299999,49349998,70199997,77599998,,
LSE,PAM,GBP,5/17/2017,10/1/2016,9/30/2017,10/1/2015,9/30/2016,2,2,2,0,2,,,,,,1,1,0,0,0,0,0.0785,2,0,0,0,0,0,0.043,0.1135,33400002,40099998,5050000,10650000,10900000,14350000,,
LSE,TCN,GBP,5/17/2017,4/1/2017,3/31/2018,4/1/2016,3/31/2017,1,1,0,0,0,,,,,,1,0,0,0,0,0,0.005,1,0,0,0,0,0,0.002,0.019,17600000,18799999,0,0,0,0,,
LSE,TON,GBP,4/2/2017,10/1/2016,9/30/2017,10/1/2015,9/30/2016,1,1,0,1,1,,,,,,0,0,0,0,0,0.035,0.035,1,0,0,0,1772000,1640000,0.1495,0.141,23721001,24000000,1952000,0,2328000,2230000,,
LSE,LID,GBP,5/17/2017,2/1/2017,1/31/2018,2/1/2016,1/31/2017,1,1,1,1,1,,,,,,0,0,0,0,0,0,0,1,0,0,0,57000,-726931,0.0009,-0.00289,8212000,9516450,187000,-800000,779000,124791,,
LSE,BAB,GBP,5/17/2017,4/1/2017,3/31/2018,4/1/2016,3/31/2017,12,7,5,5,10,,,,,,10,0,2,0,1,0.27861,0.29629,10,0.76467,0.82878,2,507363007,554559998,0.799,0.85678,5159000000,5491000000,303000000,329299988,655500000,703000000,,
LSE,KCOM,GBP,5/17/2017,4/1/2017,3/31/2018,4/1/2016,3/31/2017,3,2,0,0,2,,,,,,1,0,1,0,0,0.06,0.06,2,0.019,0.0612,1,0,0,0.057,0.054,324614990,324200012,0,0,67464996,66625000,,
LSE,ACC,GBP,8/23/2015,12/1/2014,11/30/2015,12/1/2013,11/30/2014,1,1,0,1,1,,,,,,1,0,0,0,0,0,0,0,0,0,0,-780000,-460000,-0.0046,-0.0029,8546000,7760000,-1082000,0,430000,540000,,
LSE,IGE,GBP,5/17/2017,10/1/2016,9/30/2017,10/1/2015,9/30/2016,1,1,1,1,0,,,,,,1,0,0,0,0,0,0,1,0,0,0,0,200000,0.0008,0.002,3314800,3700000,105453,200000,0,0,,
LSE,ASC,GBP,5/17/2017,9/1/2016,8/31/2017,9/1/2015,8/31/2016,23,20,14,17,16,,,,,,13,0,6,0,4,0,0,16,1.17809,1.32516,8,63000000,78900002,0.618,0.755,1444900024,1935945068,24400000,63150002,94599998,124849998,,
LSE,IQE,GBP,5/17/2017,1/1/2017,12/31/2017,1/1/2016,12/31/2016,4,4,3,4,4,,,,,,3,0,0,0,0,0,0,3,0.00247,0.01269,1,22100000,23400002,0.03,0.0316,132707001,142325989,19275999,19612000,31724998,33840500,,
LSE,OMG,GBP,5/17/2017,10/1/2016,9/30/2017,10/1/2015,9/30/2016,1,1,0,1,1,,,,,,0,0,0,0,0,0.0475,0.011,1,0,0,0,5597000,3506670,0.039,0.02298,29492001,31456600,2271000,0,7189000,5018670,,
LSE,COB,GBP,5/17/2017,1/1/2017,12/31/2017,1/1/2016,12/31/2016,17,16,13,14,14,,,,,,3,0,11,1,3,0.01764,0,17,0.10945,0.08482,8,225000000,207207001,0.07821,0.0568,1943900024,1987949951,135500000,123731003,305299988,287493530,,
LSE,SUN,GBP,5/17/2017,1/1/2017,12/31/2017,1/1/2016,12/31/2016,1,1,0,0,1,,,,,,1,0,0,0,0,0,0,0,0,0,0,0,0,0.0014,0.0015,6089000,6471000,716000,0,1410000,1592000,,
LSE,PMO,GBP,5/17/2017,1/1/2017,12/31/2017,1/1/2016,12/31/2016,15,13,12,12,13,,,,,,6,1,7,0,2,0,0,13,0.55841,0.85665,9,-6150299,205817505,0.20556,0.04524,795856018,938080994,99219002,29011499,426657501,566346008,,
LSE,CCC,GBP,5/17/2017,1/1/2017,12/31/2017,1/1/2016,12/31/2016,4,3,3,3,3,,,,,,3,0,1,0,0,0.222,0.235,3,0.76574,0.85484,1,86199997,94000000,0.54,0.56434,3245389893,3523000000,65829002,72000000,115000000,124000000,,
LSE,KIE,GBP,5/17/2017,7/1/2016,6/30/2017,7/1/2015,6/30/2016,6,6,3,3,5,,,,,,6,1,0,0,0,0.645,0.6675,6,1.548,1.25995,1,149600006,151423996,1.067,1.06875,4112299805,4283649902,-17600000,106500000,179050003,169330002,,
LSE,CIC,GBP,5/17/2017,10/1/2016,9/30/2017,10/1/2015,9/30/2016,1,1,0,1,1,,,,,,1,0,0,0,0,0,0.01,1,0,0,0,2500000,5214000,-0.069,0.015,9435000,10765000,-5449000,0,0,5394000,,
LSE,WIL,GBP,5/17/2017,7/1/2016,6/30/2017,7/1/2015,6/30/2016,4,4,1,3,4,,,,,,4,0,0,0,0,0.081,0.085,4,0,0.16537,1,22000000,24593300,0.1853,0.19365,105723999,120848000,-6418000,11000000,24299999,26625700,,
LSE,MCKS,GBP,5/17/2017,4/1/2017,3/31/2018,4/1/2016,3/31/2017,1,1,1,1,0,,,,,,1,0,0,0,0,0.089,0.09,1,0,0,0,12900000,14600000,0.085,0.095,18100000,19900000,-8100000,12500000,0,0,,
LSE,LTHM,GBP,3/12/2017,4/1/2016,3/31/2017,4/1/2015,3/31/2016,1,1,0,0,1,,,,,,1,0,0,0,0,0.143,0.157,1,0,0,0,13300000,0,0.535,0.471,185929001,196100006,10466000,0,14800000,13900000,,
LSE,PEN,GBP,5/17/2017,1/1/2017,12/31/2017,1/1/2016,12/31/2016,1,2,0,0,0,,,,,,1,0,0,0,0,0,0,1,0,0,0,0,0,0.0606,0.071,17211399,18000000,1921030,0,0,0,,
LSE,DIA,GBP,5/17/2017,1/1/2017,12/31/2017,1/1/2016,12/31/2016,3,3,1,2,3,,,,,,2,0,1,0,0,0,0.08,3,0.27305,0.21064,1,13100000,19075001,0.267,0.36012,182199997,195000000,8700000,11600000,20200001,26340200,,
LSE,PIN,GBP,1/15/2017,7/1/2016,6/30/2017,7/1/2015,6/30/2016,0,0,1,0,0,,,,,,0,0,1,0,0,0,0,0,0,0,0,0,0,0,0,0,0,209100006,153699997,0,0,,
LSE,TYM,GBP,7/24/2016,10/1/2015,9/30/2016,10/1/2014,9/30/2015,1,1,1,1,0,,,,,,1,0,0,0,0,0,0,0,0,0,0,0,-400000,0,-0.0018,0,200000,0,-400000,0,0,,
LSE,HSD,GBP,5/17/2017,7/1/2016,6/30/2017,7/1/2015,6/30/2016,2,1,2,2,1,,,,,,2,0,0,0,0,0.0885,0.08938,2,0,0,0,9200000,10754000,-0.008,0.03746,114699997,152800003,8300000,8861500,9200000,9008000,,
LSE,PSN,GBP,5/17/2017,1/1/2017,12/31/2017,1/1/2016,12/31/2016,16,14,10,13,13,,,,,,4,1,9,1,1,1.1,1.35,14,2.26688,1.88057,7,770531006,845799988,1.995,2.1875,3136800049,3331094971,625299988,689874512,786400024,859960999,,
LSE,SMWH,GBP,5/17/2017,9/1/2016,8/31/2017,9/1/2015,8/31/2016,10,8,5,6,7,,,,,,5,1,3,1,1,0.439,0.476,9,1.22292,1.41114,3,133000000,140500000,0.948,1.02725,1212000000,1234500000,109000000,114948997,174000000,181000000,,
LSE,NWF,GBP,5/17/2017,6/1/2016,5/31/2017,6/1/2015,5/31/2016,1,1,0,0,1,,,,,,1,0,0,0,0,0.057,0.06,1,0,-0.04644,1,8700000,0,0.135,0.14312,465899994,544799988,4800000,0,12650000,13200000,,
LSE,MAB,GBP,5/17/2017,10/1/2016,9/30/2017,10/1/2015,9/30/2016,6,5,3,4,5,,,,,,2,1,3,1,1,0.075,0.0777,6,0.53874,0.81132,5,318000000,311500000,0.348,0.34703,2086000000,2122000000,89000000,140401001,431000000,425299988,,
LSE,MCB,GBP,5/17/2017,7/1/2016,6/30/2017,7/1/2015,6/30/2016,5,5,4,4,5,,,,,,4,1,0,0,0,0.036,0.042,5,0.00121,0.00094,1,36200001,42189251,0.111,0.13022,680900024,710099976,17000000,21150002,54400002,60500000,,
LSE,HEAD,GBP,5/17/2017,1/1/2017,12/31/2017,1/1/2016,12/31/2016,4,4,3,3,4,,,,,,2,1,0,0,0,0.306,0.2546,4,0.36434,0.37822,1,41099998,43410000,0.385,0.4105,693572021,712900024,30962999,34599998,46323997,49199997,,
LSE,LWB,GBP,5/17/2017,12/1/2016,11/30/2017,12/1/2015,11/30/2016,4,4,2,3,4,,,,,,3,0,0,0,0,0.03,0.032,4,-0.01205,0.0836,2,34849998,39790699,0.0595,0.072,400000000,429856018,13900000,22493650,51717949,57245350,,
LSE,WMH,GBP,5/17/2017,1/1/2017,12/31/2017,1/1/2016,12/31/2016,15,12,11,12,11,,,,,,2,1,10,0,3,0.125,0.129,14,0.31461,0.33002,6,261500000,273647522,0.222,0.2407,1603800049,1708104980,194199997,207199997,341700012,358885986,,
LSE,COG,GBP,5/17/2017,1/1/2017,12/31/2017,1/1/2016,12/31/2016,1,1,1,1,1,,,,,,0,0,0,0,0,0,0,1,0,0,0,90000,490000,0.014,0.0222,6876000,8200000,222000,400000,145000,545000,,
LSE,GMD,GBP,5/17/2017,8/1/2016,7/31/2017,8/1/2015,7/31/2016,3,2,2,3,3,,,,,,0,0,2,0,0,0.0341,0.02,3,0,0,0,17508200,8359750,0.088,0.03429,822500000,797150024,5600000,-350000,28008200,19359699,,
LSE,MGGT,GBP,5/17/2017,1/1/2017,12/31/2017,1/1/2016,12/31/2016,13,16,15,16,15,,,,,,5,0,10,0,3,0.151,0.159,16,0.4594,0.41729,4,379700012,401000000,0.343,0.37222,1992400024,2115435059,171199997,196500000,470049988,514278992,,
LSE,BAG,GBP,5/17/2017,2/1/2017,1/31/2018,2/1/2016,1/31/2017,9,8,5,7,8,,,,,,1,1,6,0,0,0.144,0.151,7,0.46095,0.3928,2,43099998,44200001,0.3026,0.3,257100006,263429504,35599998,36299999,51700001,53049999,,
LSE,BYG,GBP,5/17/2017,4/1/2017,3/31/2018,4/1/2016,3/31/2017,8,5,4,5,5,,,,,,3,1,4,0,1,0.2759,0.3019,7,0,0,0,65400002,71400200,0.3455,0.37775,108697998,114919998,54472198,63126503,66400002,71400200,,
LSE,MMC,GBP,5/17/2017,1/1/2017,12/31/2017,1/1/2016,12/31/2016,1,1,1,1,1,,,,,,0,0,1,0,0,0,0,1,-0.03076,-0.00851,1,-39599998,-5000000,-0.016,-0.00633,45193001,50799999,-55000,-3200000,-6553000,-4629560,,
LSE,SGI,GBP,3/27/2016,4/1/2015,3/31/2016,4/1/2014,3/31/2015,1,1,0,0,1,,,,,,0,0,1,0,0,0.03744,0.01872,1,-0.18607,-0.02447,1,0,0,0.09218,0.06514,56865002,60263901,1951000,0,8483000,6345590,,
LSE,HLMA,GBP,5/17/2017,4/1/2017,3/31/2018,4/1/2016,3/31/2017,16,15,12,12,14,,,,,,9,0,2,0,4,0.1371,0.1467,14,0.46023,0.50514,4,201250000,218872986,0.39655,0.43335,960000000,1012989990,143542999,158942993,226196503,247098511,,
LSE,DCG,GBP,5/17/2017,4/1/2017,3/31/2018,4/1/2016,3/31/2017,5,5,4,5,5,,,,,,1,0,4,0,0,0.2254,0.23,5,0.28139,0.38581,2,70180000,75000000,0.3538,0.379,422899994,450399994,47599998,54150002,90000000,95000000,,
LSE,PGH,GBP,5/17/2017,1/1/2017,12/31/2017,1/1/2016,12/31/2016,1,1,1,1,1,,,,,,1,0,0,0,0,0.22,0.227,1,0,0,0,10800000,9500000,0.29,0.243,31393000,57599998,7294000,7100000,11400000,10700000,,
LSE,KYGA,EUR,5/17/2017,1/1/2017,12/31/2017,1/1/2016,12/31/2016,14,12,11,12,12,,,,,,9,1,4,0,0,0.56,0.616,13,3.92719,4.04276,8,703200012,753922974,3.22673,3.4715,6130600098,6478679688,533049988,569000000,879000000,936136475,,
LSE,INVP,GBP,5/17/2017,4/1/2017,3/31/2018,4/1/2016,3/31/2017,4,3,3,1,0,,,,,,3,0,2,0,0,0.22567,0.2598,4,0,0,0,742000000,842000000,0.44746,0.5185,2135000000,2338000000,416170990,516000000,0,0,,
LSE,ZOO,GBP,5/17/2017,4/1/2017,3/31/2018,4/1/2016,3/31/2017,1,1,1,1,1,,,,,,0,0,0,0,0,0,0,1,0,0,0,440024,664774,0.00881,0.00507,13127100,14073700,809291,397014,1492090,1604910,,
LSE,FIF,GBP,5/17/2017,7/1/2016,6/30/2017,7/1/2015,6/30/2016,4,3,1,4,3,,,,,,4,0,0,0,0,0.028,0.03,3,0.102,0,0,17100000,17750000,0.095,0.099,319679993,320000000,7791000,13100000,24700001,25600000,,
LSE,BQE,GBP,5/17/2017,1/1/2017,12/31/2017,1/1/2016,12/31/2016,1,1,0,1,1,,,,,,0,0,0,0,0,0,0,1,0,0,0,1574000,1928640,0.012,0.06876,26485001,28199800,397000,0,4144000,4378640,,
LSE,EIG,GBP,5/17/2017,10/1/2016,9/30/2017,10/1/2015,9/30/2016,7,5,2,4,5,,,,,,4,1,1,0,1,0,0,6,0.20264,0.21179,2,276000000,270000000,0.185,0.189,632000000,650400024,71000000,83500000,292042999,288000000,,
LSE,TATE,GBP,5/17/2017,4/1/2017,3/31/2018,4/1/2016,3/31/2017,13,12,9,12,12,,,,,,4,0,8,0,1,0.285,0.292,12,0.61776,0.63082,4,258500000,275455017,0.47075,0.4946,2695500000,2833350098,221000000,219000000,377962494,408500000,,
LSE,GOG,GBP,5/17/2017,7/1/2016,6/30/2017,7/1/2015,6/30/2016,11,10,9,10,10,,,,,,8,0,3,0,0,0.9585,1.01324,10,4.73912,3.7088,4,138899994,149795502,2.193,2.07125,3361300049,3461064941,69699997,89593300,177091492,210106003,,
LSE,CWD,GBP,5/17/2017,1/1/2017,12/31/2017,1/1/2016,12/31/2016,6,3,2,3,4,,,,,,0,0,4,1,1,0.05,0.0531,5,0.20145,0.20622,2,56401501,53299999,0.1934,0.1775,723969971,717500000,17540001,34872200,84250000,78199997,,
LSE,SUH,GBP,4/24/2016,4/1/2016,3/31/2017,4/1/2015,3/31/2016,1,1,0,1,1,,,,,,1,0,0,0,0,0,0,0,0,0,0,1400000,1500000,0.004,0.004,7200000,7300000,0,0,1700000,1700000,,
LSE,HSV,GBP,5/17/2017,4/1/2017,3/31/2018,4/1/2016,3/31/2017,7,5,5,5,5,,,,,,4,1,2,0,1,0.1458,0.1635,6,0.40095,0.4153,1,116800003,137880005,0.2605,0.311,760450012,855799988,73099998,87300003,152399994,169091995,,
LSE,HUM,GBP,5/17/2017,1/1/2017,12/31/2017,1/1/2016,12/31/2016,1,1,2,2,3,,,,,,3,0,0,0,0,0,0,1,0,0,0,-3520410,78730,-0.0209,0.00651,0,10562300,-3520410,-719225,-3560870,-2414090,,
LSE,NET,GBP,5/17/2017,7/1/2016,6/30/2017,7/1/2015,6/30/2016,1,1,1,1,1,,,,,,0,0,0,0,0,0.03,0.038,1,0,0,0,3700000,3754500,0.0213,0.021,16627001,17400000,1886000,1900000,4500000,4700000,,
LSE,FCCN,GBP,5/17/2017,2/1/2017,1/31/2018,2/1/2016,1/31/2017,2,2,1,1,0,,,,,,1,0,1,0,0,0,0,2,0,0,0,-3700000,-1500000,-0.042,-0.0155,153199997,151350006,-5600000,-1500000,0,0,,
LSE,NWT,GBP,11/13/2016,5/1/2016,4/30/2017,5/1/2015,4/30/2016,1,1,1,1,1,,,,,,0,0,1,0,0,0.001,0.001,1,0,0,0,1200000,600000,0.0025,0.001,21823000,22200001,1227000,540000,2500000,2000000,,
LSE,AEP,GBP,4/30/2017,1/1/2017,12/31/2017,1/1/2016,12/31/2016,1,1,0,1,1,,,,,,1,0,0,0,0,0.055,0.06,1,0,0,0,44645000,79647797,0.89755,1.53634,183348999,239904999,0,0,50680302,86158501,,
LSE,RCDO,GBP,5/17/2017,7/1/2016,6/30/2017,7/1/2015,6/30/2016,4,4,3,3,3,,,,,,3,1,1,0,0,0.17985,0.1935,4,0.1601,0.2743,2,39599998,40479099,0.547,0.5649,332399994,356352509,25600000,26200001,51500000,54500000,,
LSE,MYT,GBP,4/30/2017,1/1/2017,12/31/2017,1/1/2016,12/31/2016,0,1,1,0,1,,,,,,0,0,0,0,0,0,0,0,0,0,0,0,0,0,0,93068398,133214005,3237160,22606100,84975502,121103996,,
LSE,CCP,GBP,5/17/2017,7/1/2016,6/30/2017,7/1/2015,6/30/2016,1,1,0,1,1,,,,,,1,0,0,0,0,0,0,1,0,0,0,-5100000,14000000,0.0049,0.0989,52008999,85000000,459000,0,-3400000,15689000,,
LSE,GMS,GBP,5/17/2017,1/1/2017,12/31/2017,1/1/2016,12/31/2016,4,4,4,4,4,,,,,,3,0,1,1,0,0.01619,0.01596,3,0,0,0,59887501,39912552,0.06749,0.05181,145194000,129356995,23881300,20609501,86424103,69454102,,
LSE,LGT,GBP,5/17/2017,1/1/2017,12/31/2017,1/1/2016,12/31/2016,1,1,1,1,0,,,,,,0,0,0,0,0,0.0027,0.00297,1,0,0,0,1880580,2059320,0.0113,0.01231,47918999,47578201,2643000,2100000,0,0,,
LSE,BUR,GBP,5/17/2017,1/1/2017,12/31/2017,1/1/2016,12/31/2016,5,5,3,5,3,,,,,,3,0,0,0,0,0.07405,0.08891,5,0.33595,0.53048,1,100431503,132848007,0.42892,0.52371,132238007,175951996,93149300,110466003,92269897,133011993,,
LSE,AMS,GBP,5/17/2017,1/1/2017,12/31/2017,1/1/2016,12/31/2016,6,6,3,6,6,,,,,,0,3,3,0,0,0.0091,0.0103,6,0,0,0,19700001,22100000,0.0766,0.0835,82621002,91099998,15692000,17900000,22650499,25150000,,
LSE,CAR,GBP,5/17/2017,4/1/2017,3/31/2018,4/1/2016,3/31/2017,3,3,1,3,3,,,,,,2,0,0,0,0,0,0,3,-0.02565,0.01185,1,12300000,14346000,0.116,0.131,130003998,142000000,7600000,9560000,16757999,19346001,,
LSE,CCR,EUR,5/17/2017,3/1/2017,2/28/2018,2/29/2016,2/28/2017,7,6,5,6,6,,,,,,2,0,2,0,3,0.14166,0.14525,6,0.3,0.3,3,94400002,93199997,0.235,0.24,573599976,560099976,73199997,72199997,113000000,111400002,,
LSE,COR,GBP,5/17/2017,1/1/2017,12/31/2017,1/1/2016,12/31/2016,1,1,0,1,1,,,,,,0,0,0,0,0,0,0,1,0,0,0,2441000,4674610,0.0084,0.01608,43422001,62032200,-3439000,0,4902000,7574610,,
LSE,CIR,GBP,5/17/2017,1/1/2017,12/31/2017,1/1/2016,12/31/2016,5,5,5,5,5,,,,,,2,0,3,0,0,0,0,3,-0.17611,-0.21134,1,-71599998,-90000000,-0.2,-0.234,23100000,47000000,-137300003,-79000000,-69000000,-60400002,,
LSE,CGS,GBP,5/17/2017,4/1/2017,3/31/2018,4/1/2016,3/31/2017,2,2,0,1,2,,,,,,1,1,0,0,0,0.1393,0.14475,2,0.14413,0.24164,1,15300000,17400000,0.26922,0.3065,120250000,125949997,0,0,21542900,23331800,,
LSE,CMS,GBP,5/17/2017,1/1/2017,12/31/2017,1/1/2016,12/31/2016,2,2,1,2,2,,,,,,2,0,0,0,0,0.0242,0.02577,2,0,0,0,19100000,21038799,0.0607,0.05792,361932007,378421021,8627000,11600000,29422501,30938801,,
LSE,FGP,GBP,5/17/2017,4/1/2017,3/31/2018,4/1/2016,3/31/2017,11,9,8,8,10,,,,,,4,0,5,0,2,0,0.044,9,0.40217,0.4229,4,328600006,364450012,0.1219,0.14305,5636240234,6445000000,147644989,169201508,663900024,706750000,,
LSE,BMS,GBP,5/17/2017,3/1/2017,2/28/2018,2/29/2016,2/28/2017,2,2,2,2,1,,,,,,2,0,0,0,0,0.14,0.15,2,0,0,0,3495000,7947001,0.079,0.193,139841995,138850006,-489000,4500000,5100000,9400000,,
LSE,STAR,GBP,5/17/2017,1/1/2017,12/31/2017,1/1/2016,12/31/2016,1,1,0,0,1,,,,,,1,0,0,0,0,0,0,0,0,0,0,0,0,-0.01214,0,4153280,4802690,-1628290,0,-97115,712399,,
LSE,AKR,GBP,5/14/2015,1/1/2015,12/31/2015,1/1/2014,12/31/2014,1,1,0,0,1,,,,,,0,0,0,0,0,0,0,1,0,0,0,0,0,0,0,2000000,4000000,-2000000,0,-1000000,0,,
LSE,MGR,GBP,5/17/2017,1/1/2017,12/31/2017,1/1/2016,12/31/2016,1,1,0,1,1,,,,,,1,0,0,0,0,0.008,0.009,1,0,0,0,4800000,5400000,0.024,0.024,24066999,20400000,3248000,0,4752520,5366750,,
LSE,MER,GBP,5/17/2017,1/1/2017,12/31/2017,1/1/2016,12/31/2016,4,4,1,3,4,,,,,,2,0,2,0,0,0.117,0.13234,4,0.13486,0.26217,1,42375000,48733700,0.3036,0.36097,940099976,967000488,21525999,29000000,49279999,55400002,,
LSE,MUR,GBP,5/17/2017,6/1/2016,5/31/2017,6/1/2015,5/31/2016,1,1,0,1,1,,,,,,0,0,0,0,0,0.16,0.168,1,0,0,0,4294000,3824670,0.3503,0.3085,42230999,44469200,3166000,0,4589000,4224670,,
LSE,KGP,EUR,5/17/2017,1/1/2017,12/31/2017,1/1/2016,12/31/2016,8,8,7,8,8,,,,,,5,0,2,0,1,0.335,0.3645,8,2,2.0178,6,328282013,362996490,1.47663,1.57211,3108500000,3542500000,255399994,273000000,404082001,436845001,,
LSE,BNZL,GBP,5/17/2017,1/1/2017,12/31/2017,1/1/2016,12/31/2016,15,13,9,10,12,,,,,,7,0,7,0,2,0.42,0.45429,14,1.15452,1.2815,5,525000000,575257996,1.048,1.12278,7429100098,8267200195,349600006,377303009,552400024,607035522,,
LSE,CRST,GBP,5/17/2017,11/1/2016,10/31/2017,11/1/2015,10/31/2016,8,7,5,7,7,,,,,,6,0,2,0,0,0.276,0.34516,6,0.62096,0.54,5,203800003,222000000,0.609,0.67065,997000000,1097609985,156800003,174000000,205000000,224000000,,
LSE,MOSB,GBP,5/17/2017,2/1/2017,1/31/2018,2/1/2016,1/31/2017,3,3,2,2,3,,,,,,3,0,0,0,0,0.0589,0.06184,3,0.11336,0.07408,1,6900000,7311755,0.0539,0.056,127930000,132916000,5523000,5900000,14180000,13997600,,
LSE,BWNG,GBP,5/17/2017,3/1/2017,2/28/2018,2/29/2016,2/28/2017,9,9,6,8,8,,,,,,4,0,2,1,2,0.1423,0.1423,9,0.37637,0.28859,3,88300003,83330154,0.2272,0.21421,900700012,920900024,44299999,59150002,115900002,113522499,,
LSE,ICP,GBP,5/17/2017,4/1/2017,3/31/2018,4/1/2016,3/31/2017,5,2,3,3,0,,,,,,3,0,2,0,0,0.24,0.26,5,0,0,0,205699997,173000000,0.6,0.50606,461750000,433600006,180000000,151500000,0,0,,
LSE,IGP,GBP,5/17/2017,4/1/2017,3/31/2018,4/1/2016,3/31/2017,1,1,0,1,1,,,,,,0,0,0,0,0,0,0,1,0,0,0,-4466860,35084,-0.092,0.001,8300000,13000000,0,0,-4200000,300000,,
LSE,MACF,GBP,5/17/2017,1/1/2017,12/31/2017,1/1/2016,12/31/2016,1,1,1,1,1,,,,,,1,0,0,0,0,0.0195,0.021,1,0,0,0,9250000,11300000,0.0464,0.0605,179772003,193500000,6050000,8280000,11100000,12650000,,
LSE,CAU,GBP,5/17/2017,1/1/2017,12/31/2017,1/1/2016,12/31/2016,4,4,2,4,4,,,,,,3,0,1,0,0,0.03,0.03,4,0.0672,0.0369,1,9100000,7995950,0.045,0.03973,72500000,76150002,-5400000,3650000,12322400,11650000,,
LSE,SEY,GBP,5/17/2017,1/1/2017,12/31/2017,1/1/2016,12/31/2016,2,2,2,2,1,,,,,,1,0,1,0,0,0,0,1,-0.00774,-0.0162,2,-7121750,-3654980,-0.0314,-0.01428,3896730,1922779,-6902440,-4095645,-7110420,-2460930,,
LSE,CIU,GBP,5/17/2017,1/1/2017,12/31/2017,1/1/2016,12/31/2016,4,4,3,4,4,,,,,,4,0,0,0,0,0.07,0.07,4,0.60514,0.41897,1,55400002,57150002,0.299,0.3155,863500000,912748535,37799999,40373001,73199997,75500000,,
LSE,SKY,GBP,5/17/2017,7/1/2016,6/30/2017,7/1/2015,6/30/2016,10,13,8,13,13,,,,,,5,0,7,0,0,0.335,0.3417,7,1.00313,0.98788,5,1558000000,1407000000,0.626,0.5773,11965000000,13046299805,1077000000,994500000,2178000000,2093000000,,
LSE,ITRK,GBP,5/17/2017,1/1/2017,12/31/2017,1/1/2016,12/31/2016,22,20,16,19,19,,,,,,7,0,11,0,4,0.624,0.69,20,2.399,2.43853,10,409700012,447000000,1.677,1.8367,2567000000,2782305176,272700012,298140991,499100006,555000000,,
LSE,HER,GBP,6/7/2015,1/1/2015,12/31/2015,1/1/2014,12/31/2014,0,0,0,0,0,,,,,,1,0,0,0,0,0,0,0,0,0,0,0,0,0,0,0,0,0,0,0,0,,
LSE,NOP,GBP,5/17/2017,1/1/2017,12/31/2017,1/1/2016,12/31/2016,1,0,0,0,1,,,,,,1,0,0,0,0,0,0,1,0,0,1,0,0,0.01619,-0.00774,2944200,0,2529030,0,0,0,,
LSE,IGR,GBP,5/17/2017,4/1/2017,3/31/2018,4/1/2016,3/31/2017,2,2,2,2,2,,,,,,1,0,0,0,0,0.04,0.05,2,0,0,0,14000000,17150000,0.173,0.1915,301500000,324875000,10195000,11986500,21350000,24424999,,
LSE,CCT,GBP,5/17/2017,9/1/2016,8/31/2017,9/1/2015,8/31/2016,1,1,0,1,1,,,,,,1,0,0,0,0,0.13,0.17,1,0,0,0,15200000,15600000,0.4516,0.499,120967003,120000000,10787000,0,15700000,16100000,,
LSE,GAW,GBP,5/17/2017,6/1/2016,5/31/2017,6/1/2015,5/31/2016,1,1,0,0,1,,,,,,1,0,0,0,0,0.4,0.8,1,0.33789,0.68381,1,0,0,0.42,0.82133,118069000,150039993,13496000,0,22900000,40411499,,
LSE,KMR,GBP,5/17/2017,1/1/2017,12/31/2017,1/1/2016,12/31/2016,3,3,2,3,3,,,,,,3,0,0,0,0,0,0,2,0,0,0,-20373451,34371101,-0.16821,0.14981,114311996,178278000,-39655201,21040150,4153275,56568199,,
LSE,ITM,GBP,5/17/2017,5/1/2017,4/30/2018,5/1/2016,4/30/2017,2,2,2,2,2,,,,,,1,0,0,0,0,0,0,0,0,0,0,-6171500,-4345000,-0.0135,-0.004,7200000,12050000,-3325500,-963000,-5499500,-3649000,,
LSE,SAGA,GBP,5/17/2017,2/1/2017,1/31/2018,2/1/2016,1/31/2017,6,5,6,5,4,,,,,,3,1,3,0,0,0.085,0,0,0.13641,0.13722,2,213000000,220901001,0.14,0.14638,871299988,919275024,157300003,161699997,246050003,255760498,,
LSE,STAF,GBP,5/17/2017,1/1/2017,12/31/2017,1/1/2016,12/31/2016,5,5,3,4,4,,,,,,3,0,1,0,0,0.258,0.28032,4,0,1.52591,1,40000000,39477448,1.14,1.1532,882400024,949799988,15800000,21000000,44900002,44626350,,
LSE,STCM,GBP,5/17/2017,1/1/2017,12/31/2017,1/1/2016,12/31/2016,1,1,1,1,1,,,,,,1,0,0,0,0,0.0089,0.02292,1,0.03642,0.04174,1,3237160,9002370,0.00453,0.02864,42083099,55651001,809291,6547180,7283610,13094300,,
LSE,88EI,USD,5/17/2017,1/1/2017,12/31/2017,1/1/2016,12/31/2016,7,6,6,6,6,,,,,,1,1,5,0,0,0.3,0.315,7,3.95673,4.37225,3,2866000000,3008879883,2.45,2.76,29552000000,31591699219,2741000000,1638034912,3750000000,3893000000,,
LSE,TSTL,GBP,5/17/2017,7/1/2016,6/30/2017,7/1/2015,6/30/2016,2,2,1,2,2,,,,,,0,0,0,0,0,0.06315,0.03495,2,0,0,0,3221000,3585655,0.0481,0.06702,17104000,19569801,2102000,2900000,4306500,4713155,,
LSE,FUTR,GBP,5/17/2017,10/1/2016,9/30/2017,10/1/2015,9/30/2016,2,2,1,2,2,,,,,,1,0,0,0,0,0,0,2,0,0,0,2300000,6250000,0.06,0.1045,59000000,70750000,-14200000,-900000,4700000,9150000,,
LSE,GOAL,GBP,5/17/2017,1/1/2017,12/31/2017,1/1/2016,12/31/2016,2,2,0,2,2,,,,,,2,0,0,0,0,0,0,2,0,0,0,8100500,9393230,0.097,0.09548,33532001,36285751,2785000,0,11014999,12843201,,
LSE,VAST,GBP,8/21/2016,4/1/2016,3/31/2017,4/1/2015,3/31/2016,1,1,0,1,1,,,,,,1,0,0,0,0,0,0,1,0,0,0,3935130,13755400,0.00068,0.00138,12212400,34008400,0,0,4749300,14792200,,
LSE,HKLJ,USD,5/17/2017,1/1/2017,12/31/2017,1/1/2016,12/31/2016,14,12,13,13,13,,,,,,5,2,3,1,3,0.19,0.19,14,0.41084,0.28772,4,970599976,995861023,0.3603,0.3885,1993900024,2074444824,847799988,918400024,973700012,998960999,,
LSE,INTU,GBP,5/17/2017,1/1/2017,12/31/2017,1/1/2016,12/31/2016,18,8,12,14,12,,,,,,5,0,5,1,8,0.14,0.14133,18,0.13,0.14043,6,407700012,413338501,0.15,0.15183,447000000,453649994,200000000,204705002,406000000,410700500,,
LSE,ISAT,GBP,5/17/2017,1/1/2017,12/31/2017,1/1/2016,12/31/2016,20,17,15,15,17,,,,,,6,1,8,0,4,0.43677,0.44015,17,1.14919,1.04067,7,360458008,288799988,0.42892,0.37582,1075540039,1074439941,196494995,148177994,643223999,587666016,,
LSE,JAR,USD,5/17/2017,1/1/2017,12/31/2017,1/1/2016,12/31/2016,8,7,7,7,7,,,,,,0,1,5,0,3,1.5,1.57,8,6.24086,6.75052,3,3146000000,3266879883,3.71,4.07238,37051000000,39210601563,2503000000,1533589966,4091000000,4201390137,,
LSE,AAU,GBP,5/17/2017,1/1/2017,12/31/2017,1/1/2016,12/31/2016,1,1,1,1,1,,,,,,2,0,0,0,0,0,0,1,0,0,0,300000,-90000,0.0004,-0.0002,430000,3980000,300000,-200000,300000,40000,,
LSE,ACP,GBP,5/17/2017,1/1/2017,12/31/2017,1/1/2016,12/31/2016,1,1,1,1,1,,,,,,1,0,0,0,0,0,0,1,0,0,0,-800000,-800000,-0.004,-0.004,0,0,-800000,-800000,-800000,-800000,,
LSE,ADM,GBP,5/17/2017,1/1/2017,12/31/2017,1/1/2016,12/31/2016,19,5,13,10,5,,,,,,2,1,9,1,6,1.144,1.071,17,0.61306,1.01587,2,289799988,384350006,0.785,1.06506,2193899902,2553000000,214100006,301000000,289799988,409378998,,
LSE,AFC,GBP,5/17/2017,11/1/2016,10/31/2017,11/1/2015,10/31/2016,1,1,1,1,0,,,,,,1,0,0,0,0,0,0,1,0,0,0,-6300000,-4700000,-0.0186,-0.011,1000000,4200000,-5656060,-4400000,0,0,,
LSE,AGY,GBP,5/17/2017,7/1/2016,6/30/2017,7/1/2015,6/30/2016,6,6,5,6,6,,,,,,4,0,0,0,0,0,0,4,0,-0.006,1,-11950000,-3890000,-0.0229,-0.00805,48508999,62245003,-13072000,-5200000,-10300000,-2245000,,
LSE,ANR,GBP,12/27/2015,,,7/1/2014,6/30/2015,,,,,,,,,,,,,,,,0,,,0,,,0,,-0.0017,,0,,0,,-1312000,,,
LSE,AST,GBP,5/17/2017,1/1/2017,12/31/2017,1/1/2016,12/31/2016,2,2,1,0,2,,,,,,2,0,0,0,0,0,0,0,0,0,0,0,0,-0.0049,-0.0005,0,3450000,-2676000,700000,-2050000,500000,,
LSE,AUG,GBP,5/17/2017,1/1/2017,12/31/2017,1/1/2016,12/31/2016,2,2,1,2,2,,,,,,0,0,0,0,0,0.01,0.012,2,0,0,0,10857000,9323385,0.0434,0.06155,75959000,82055603,405000,5977000,14009501,15893400,,
LSE,AXM,GBP,11/8/2015,1/1/2015,12/31/2015,1/1/2014,12/31/2014,1,0,0,0,1,,,,,,1,0,0,0,0,0,0,1,0,0,0,0,0,-0.0048,-0.00389,507000,0,-910000,0,-800000,-1364000,,
LSE,BEG,GBP,3/26/2017,5/1/2016,4/30/2017,5/1/2015,4/30/2016,1,1,0,0,0,,,,,,1,0,0,0,0,0.022,0.022,1,0,0,0,5494000,0,0.032,0.03261,50134998,50299999,294000,0,6509000,0,,
LSE,BFA,EUR,5/17/2017,1/1/2017,12/31/2017,1/1/2016,12/31/2016,33,29,26,28,27,,,,,,14,1,14,1,2,3,3.1,29,8.49231,9.37111,14,6309000000,7347299805,4.83,5.53,57600000000,62774000000,4056000000,4853490234,10526000000,11643400391,,
LSE,BGO,GBP,5/17/2017,1/1/2017,12/31/2017,1/1/2016,12/31/2016,2,2,2,1,2,,,,,,1,0,0,0,0,0,0,1,0,0,0,-4300000,-2600000,-0.0681,-0.047,2624180,4050000,-4413110,-2400000,-2600000,-1400000,,
LSE,BKG,GBP,5/17/2017,5/1/2017,4/30/2018,5/1/2016,4/30/2017,12,10,7,10,10,,,,,,8,0,2,0,2,2,2,10,2.16,1.937,5,744454956,710000000,4.32322,4.373,2668395020,2593750000,630424988,639036011,742599976,701187500,,
LSE,BNC,EUR,5/17/2017,1/1/2017,12/31/2017,1/1/2016,12/31/2016,27,22,24,15,0,,,,,,8,0,12,3,4,0.21,0.22,25,0,0,0,22766000000,24915000000,0.44,0.48,43853000000,47156449219,6204000000,7008500000,0,0,,
LSE,BOE,USD,5/17/2017,1/1/2017,12/31/2017,1/1/2016,12/31/2016,24,24,21,22,20,,,,,,10,3,10,1,3,4.36,5.68,16,16.3,17.6366,5,5834000000,9515500000,7.24,9.385,94571000000,91965148438,4895000000,6384140137,7744000000,11458299805,,
LSE,BOR,GBP,5/17/2017,1/1/2017,12/31/2017,1/1/2016,12/31/2016,1,1,0,1,1,,,,,,0,0,1,0,0,0,0,1,0,0,0,-1408160,-1614910,-0.00599,-0.00329,0,0,-2916680,0,-1408160,-1614910,,
LSE,BRK,GBP,5/17/2017,7/1/2016,6/30/2017,7/1/2015,6/30/2016,6,6,3,6,5,,,,,,3,2,2,0,0,0.35,0.435,6,0.51604,0.58958,2,16393000,16549999,0.876,1.0833,81399002,91224800,12739000,14314000,17247999,19115000,,
LSE,BRY,GBP,5/17/2017,1/1/2017,12/31/2017,1/1/2016,12/31/2016,2,2,1,2,2,,,,,,2,0,0,0,0,0,0,2,0.002,-0.017,1,855500,-1043609,0.024,-0.0001,30268999,29476450,-1853000,-2124000,4572000,2215890,,
LSE,BTG,GBP,5/17/2017,4/1/2017,3/31/2018,4/1/2016,3/31/2017,8,8,6,6,8,,,,,,6,0,3,0,0,0,0,8,0.2883,0.34463,2,120528000,151106506,0.21624,0.323,560800049,627400024,27500000,94250000,130000000,168343002,,
LSE,BVA,EUR,5/17/2017,1/1/2017,12/31/2017,1/1/2016,12/31/2016,28,22,25,15,0,,,,,,5,4,11,1,9,0.37,0.25,27,0,0,0,11862000000,12212000000,0.5,0.62376,24653000000,25102000000,3475000000,4127000000,0,0,,
LSE,CHL,GBP,2/28/2016,7/1/2015,6/30/2016,7/1/2014,6/30/2015,0,0,0,0,0,,,,,,1,0,0,0,0,0,0,1,0,0,0,0,0,-0.01472,0,0,0,0,0,-1678489,0,,
LSE,CLL,GBP,5/17/2017,1/1/2017,12/31/2017,1/1/2016,12/31/2016,3,2,2,3,3,,,,,,3,0,0,0,0,0.034,0.034,3,0,0,0,10502300,11700200,0.0848,0.081,165266006,173050003,-2827000,6800000,11992200,13500000,,
LSE,COD,EUR,5/17/2017,1/1/2017,12/31/2017,1/1/2016,12/31/2016,20,19,17,19,19,,,,,,12,1,6,0,1,1.26,1.27,18,4.45268,5.19922,13,2818000000,3110000000,2.50914,2.955,39093000000,40968000000,1311000000,1536000000,3998000000,4323790039,,
LSE,COS,GBP,5/17/2017,4/1/2017,3/31/2018,4/1/2016,3/31/2017,2,2,2,2,2,,,,,,1,0,0,0,0,0,0,1,0,0,0,-1694000,-1604000,-0.0106,-0.0061,3950000,5364000,-1946000,-1914000,-1248000,-1117000,,
LSE,CRN,EUR,5/17/2017,1/1/2017,12/31/2017,1/1/2016,12/31/2016,4,4,3,4,4,,,,,,4,0,0,0,0,0,0,4,-0.19942,0.0244,2,3623000,17873951,0.003,0.01446,40905998,140248993,-2063000,10416700,3600000,18021200,,
LSE,MERC,GBP,5/17/2017,4/1/2017,3/31/2018,4/1/2016,3/31/2017,1,1,1,1,0,,,,,,1,0,0,0,0,0,0,0,0,0,0,-2500000,-2800000,-0.0104,-0.0164,6300000,9000000,-2300000,-4900000,0,0,,
LSE,CWR,GBP,5/17/2017,7/1/2016,6/30/2017,7/1/2015,6/30/2016,1,1,1,1,1,,,,,,0,0,0,0,0,0,0,0,0,0,0,-12188000,-12000000,-0.0135,-0.01,1113000,2000000,-10460000,-10000000,-11002000,-10800000,,
LSE,CZB,EUR,5/17/2017,1/1/2017,12/31/2017,1/1/2016,12/31/2016,24,15,16,9,0,,,,,,4,1,13,1,5,0,0,21,0,0,0,2281000000,1814000000,0.22,0.425,9399000000,8878000000,279000000,271352478,0,0,,
LSE,DLG,GBP,5/17/2017,1/1/2017,12/31/2017,1/1/2016,12/31/2016,19,14,15,14,4,,,,,,10,0,9,0,0,0.246,0.23365,16,0.12495,0.32495,1,390200012,527800537,0.202,0.28858,3000600098,3110500000,278799988,402000000,408186493,590839478,,
LSE,EDR,GBP,5/17/2017,8/1/2016,7/31/2017,8/1/2015,7/31/2016,1,1,1,1,1,,,,,,1,0,0,0,0,0,0,1,0,0,0,-2652000,-2335000,-0.01206,-0.009,1586120,1413000,-2685570,-2335000,-733000,-973000,,
LSE,EGS,GBP,5/17/2017,2/1/2017,1/31/2018,2/1/2016,1/31/2017,1,1,0,1,1,,,,,,0,0,0,0,0,0,0,1,0,0,0,305000,588578,0.007,0.027,8209000,10173200,151000,0,1226000,1678570,,
LSE,EME,GBP,5/17/2017,4/1/2017,3/31/2018,4/1/2016,3/31/2017,1,1,1,1,1,,,,,,1,0,0,0,0,0,0,0,0,0,0,-1294860,-1285500,0,-0.00691,0,0,80929,-1285500,-890220,-883783,,
LSE,EMR,GBP,5/17/2017,1/1/2017,12/31/2017,1/1/2016,12/31/2016,3,3,3,3,2,,,,,,2,0,0,0,0,0.0115,0.013,2,0,0,0,9800000,13300000,0.113,0.139,270399994,335000000,4800000,5800000,10700000,14400000,,
LSE,EOG,GBP,5/17/2017,8/1/2016,7/31/2017,8/1/2015,7/31/2016,1,1,0,1,1,,,,,,0,0,0,0,0,0,0,1,0,0,0,0,329515,-0.0067,0.001,1269000,2200000,-1638000,0,-1200000,100000,,
LSE,ESG,AUD,5/17/2017,11/1/2016,10/31/2017,11/1/2015,10/31/2016,2,2,1,1,2,,,,,,1,0,0,0,0,0,0,2,-3.3,0.1,1,-11873501,-1900000,-0.03769,-0.008,21577000,26250000,-21742001,-3600000,-7000000,350000,,
LSE,FEN,GBP,5/17/2017,1/1/2017,12/31/2017,1/1/2016,12/31/2016,1,1,0,1,1,,,,,,0,0,0,0,0,0.01107,0.01384,1,0,0,0,1437000,3539300,0.0091,0.03856,6398510,8539500,694004,0,1437000,3539300,,
LSE,FXI,GBP,5/17/2017,10/1/2016,9/30/2017,10/1/2015,9/30/2016,3,3,2,2,3,,,,,,2,0,0,0,0,0,0,3,-0.10358,-0.0021,1,826700,702736,0.00539,0.00362,17070400,23004000,254120,324180,2778210,3670710,,
LSE,GBP,AUD,2/26/2017,7/1/2016,6/30/2017,7/1/2015,6/30/2016,0,0,0,0,0,,,,,,1,0,0,0,0,0,0,0,0,0,0,0,0,-0.01525,0,0,0,-3211480,0,0,0,,
LSE,GEC,USD,5/17/2017,1/1/2017,12/31/2017,1/1/2016,12/31/2016,17,14,12,12,9,,,,,,7,2,6,0,2,0.93,0.96,10,2.96,2.00403,4,14986500000,16667599609,1.49,1.64,1.23693E+11,1.25206E+11,13605000000,14003000000,17978000000,20554900391,,
LSE,GFS,GBP,5/17/2017,1/1/2017,12/31/2017,1/1/2016,12/31/2016,20,18,14,16,17,,,,,,10,0,8,0,3,0.0941,0.0979,15,0.29877,0.25522,8,445000000,499005981,0.13,0.18586,7590000000,7690174805,246000000,281103516,585000000,646000000,,
LSE,GKP,GBP,5/17/2017,1/1/2017,12/31/2017,1/1/2016,12/31/2016,2,2,2,2,2,,,,,,3,0,0,0,0,0,0,1,0,0,0,-153451004,18775450,-0.24942,0.30064,157332993,144473495,-14109900,20136786,7194870,84930702,,
LSE,GMR,GBP,5/17/2017,1/1/2017,12/31/2017,1/1/2016,12/31/2016,1,1,0,1,1,,,,,,1,0,0,0,0,0,0,1,-0.00732,0.00302,1,-3096000,1929000,-0.0255,0.007,33958099,39655998,-6695340,0,-1017000,4029000,,
LSE,GPX,GBP,8/2/2015,1/1/2015,12/31/2015,1/1/2014,12/31/2014,1,0,0,0,0,,,,,,0,0,0,0,0,0,0,0,0,0,0,0,0,-0.06593,-0.08691,0,0,-10319700,0,0,0,,
LSE,GRA,GBP,5/17/2017,4/1/2017,3/31/2018,4/1/2016,3/31/2017,0,0,0,0,0,,,,,,0,0,0,0,0,0,0,0,0,0,0,-750000,0,-0.00977,0,10500000,0,0,0,1000000,0,,
LSE,GRN,EUR,5/17/2017,7/1/2016,6/30/2017,7/1/2015,6/30/2016,2,1,3,2,2,,,,,,4,0,0,0,0,0.046,0.04684,4,0,0.05937,1,35014500,42285549,0.0435,0.05614,52549000,59000000,112250000,83000000,34925499,42285549,,
LSE,GSH,GBP,5/17/2017,10/1/2016,9/30/2017,10/1/2015,9/30/2016,1,1,1,1,0,,,,,,1,0,0,0,0,0,0,1,0,0,0,0,1779230,0,0.00427,0,9109680,0,1245460,0,0,,
LSE,GTC,GBP,1/8/2017,8/1/2015,7/31/2016,8/1/2015,7/31/2016,1,1,0,0,1,,,,,,1,0,0,0,0,0,0.007,1,0,0,0,0,0,0.032,0.017,7000000,9000000,0,0,0,1100000,,
LSE,GVC,GBP,5/17/2017,1/1/2017,12/31/2017,1/1/2016,12/31/2016,10,8,4,6,8,,,,,,7,1,1,0,0,0.25484,0.28268,10,0.39855,0.5713,3,147330994,183289001,0.22193,0.49618,702768005,797364502,-118052002,130837006,175585007,218889008,,
LSE,HDD,GBP,5/17/2017,10/1/2016,9/30/2017,10/1/2015,9/30/2016,1,1,0,0,1,,,,,,0,0,0,0,0,0,0,1,0,0,0,-1700000,0,-0.001,-0.001,2142000,3000000,-1341000,0,-1300000,-800000,,
LSE,HDY,GBP,5/17/2017,4/1/2017,3/31/2018,4/1/2016,3/31/2017,1,1,0,1,1,,,,,,0,1,0,0,0,0,0,0,0,0,0,-3803660,-3712720,-0.04451,-0.04409,0,0,0,0,-3803660,-3712720,,
LSE,HON,USD,5/17/2017,1/1/2017,12/31/2017,1/1/2016,12/31/2016,22,20,18,19,11,,,,,,13,3,6,0,0,2.45,2.685,12,7.53181,7.4353,3,7082000000,7594000000,6.6,7.09301,39302000000,39301050781,4809000000,5462500000,8112000000,8640000000,,
LSE,HYR,GBP,5/17/2017,1/1/2017,12/31/2017,1/1/2016,12/31/2016,1,1,1,1,1,,,,,,1,0,0,0,0,0,0,1,0,0,0,-4127380,0,-0.00068,-0.00155,13618700,18152901,-5782380,-1008490,-1052070,2482440,,
LSE,IBM,USD,5/17/2017,1/1/2017,12/31/2017,1/1/2016,12/31/2016,25,23,22,13,13,,,,,,6,0,16,0,5,5.495,5.82,13,16.415,16.4374,7,14699000000,14793000000,13.59,13.78,79919000000,78372000000,13031000000,12927599609,19079000000,19017300781,,
LSE,IDH,GBP,9/25/2016,4/1/2016,3/31/2017,4/1/2015,3/31/2016,1,1,0,0,1,,,,,,0,0,1,0,0,0.02575,0.02343,1,0.25156,0.09919,1,0,0,0.047,0.08518,38305000,40506699,-32169998,0,6782950,6461280,,
LSE,IGG,GBP,5/17/2017,6/1/2016,5/31/2017,6/1/2015,5/31/2016,4,2,0,1,2,,,,,,1,0,1,0,1,0.314,0.32454,2,0,0,0,207600006,227117996,0.4458,0.4555,491700012,498797974,164300003,0,220300003,230959000,,
LSE,ITQ,GBP,5/17/2017,1/1/2017,12/31/2017,1/1/2016,12/31/2016,1,1,1,1,1,,,,,,1,0,0,0,0,0.015,0.015,1,0,0,0,3360000,3900000,0.064,0.0753,144000000,175000000,-1200000,2500000,3770000,4320000,,
LSE,JIM,GBP,5/17/2017,1/1/2017,12/31/2017,1/1/2016,12/31/2016,1,1,1,1,0,,,,,,1,0,0,0,0,0.175,0.22,1,0,0,0,3700000,3800000,0.2638,0.318,8322840,9200000,2909840,3000000,0,0,,
LSE,JPM,USD,5/17/2017,1/1/2017,12/31/2017,1/1/2016,12/31/2016,30,22,15,16,0,,,,,,13,4,13,0,2,1.88,2.08,23,0,0,0,40304000000,42342500000,6.19,6.7,99142000000,1.02214E+11,24700000000,25557000000,0,0,,
LSE,LRM,GBP,5/17/2017,4/1/2017,3/31/2018,4/1/2016,3/31/2017,2,2,0,2,2,,,,,,0,0,0,0,0,0,0,2,0,0,0,-1602000,1700000,-0.00415,0.00425,34099998,40000000,0,0,2516000,6495000,,
LSE,MAI,GBP,5/17/2017,1/1/2017,12/31/2017,1/1/2016,12/31/2016,1,1,1,1,1,,,,,,0,0,0,0,0,0.308,0.339,1,0,0,0,12000000,16745899,0.768,0.893,108295998,136800003,2094000,8400000,12600000,17900000,,
LSE,MDZ,GBP,9/13/2015,4/1/2015,3/31/2016,4/1/2014,3/31/2015,0,0,0,0,0,,,,,,0,0,0,0,0,0,0,0,0,0,0,0,0,-0.0006,0,2500000,0,0,0,-600000,0,,
LSE,MGP,GBP,5/17/2017,1/1/2017,12/31/2017,1/1/2016,12/31/2016,1,1,1,1,1,,,,,,1,0,0,0,0,0,0.016,1,0,0,0,8080000,10090000,0,0.071,28500000,35599998,3300000,4500000,9200000,11100000,,
LSE,MIN,GBP,5/17/2017,11/1/2016,10/31/2017,11/1/2015,10/31/2016,1,1,0,0,0,,,,,,1,0,0,0,0,0,0,1,0,0,0,0,0,-0.007,-0.005,67800003,74599998,0,0,-400000,0,,
LSE,MPE,GBP,5/17/2017,1/1/2017,12/31/2017,1/1/2016,12/31/2016,2,2,1,2,2,,,,,,2,0,0,0,0,0.19018,0.22612,2,-0.26346,-0.08525,1,14929100,22453800,0.18047,0.28865,67870300,79740051,25308901,63934601,21124901,31605652,,
LSE,MPM,GBP,7/5/2015,1/1/2015,12/31/2015,1/1/2014,12/31/2014,1,1,0,1,1,,,,,,0,0,0,0,0,0,0,1,0,0,0,-4000000,-1000000,0,0,1000000,2000000,-5000000,0,-2000000,0,,
LSE,NCC,GBP,5/17/2017,6/1/2016,5/31/2017,6/1/2015,5/31/2016,5,4,3,4,4,,,,,,1,0,4,0,0,0.0465,0.0465,5,0,0.0337,2,38412498,27200001,0.112,0.06474,209100006,242516998,6283000,6131090,43700001,36500000,,
LSE,NG.,GBP,5/17/2017,4/1/2017,3/31/2018,4/1/2016,3/31/2017,15,13,13,13,13,,,,,,3,0,8,1,3,0.44207,0.45647,12,1.12584,1.16292,5,4616000000,3643409912,0.7087,0.644,17100000000,15832000000,2672589844,2199000000,6289000000,5158709961,,
LSE,NSF,GBP,5/17/2017,1/1/2017,12/31/2017,1/1/2016,12/31/2016,2,2,1,1,1,,,,,,2,0,0,0,0,0.0115,0.02661,2,0,0,0,21100000,29200001,0.0262,0.05721,72586998,111050003,-7998000,17550301,21834700,28158899,,
LSE,PAF,GBP,5/17/2017,7/1/2016,6/30/2017,7/1/2015,6/30/2016,8,7,6,7,7,,,,,,5,0,1,0,0,0.00827,0.0073,7,0.02044,0.0222,6,34722500,36414001,0.01408,0.01593,168201996,203408997,25504749,30359501,45085751,50700001,,
LSE,PAL,GBP,2/5/2017,10/1/2016,9/30/2017,10/1/2015,9/30/2016,0,0,0,0,0,,,,,,1,0,0,0,0,0,0,0,0,0,0,0,0,-0.00321,0,154143,0,-1104680,0,0,0,,
LSE,PAY,GBP,5/17/2017,4/1/2017,3/31/2018,4/1/2016,3/31/2017,6,4,2,5,3,,,,,,4,0,1,0,1,0.45792,0.49455,1,0,0,0,53368198,55639000,0.61965,0.655,117473495,117421501,40549999,43550003,58099998,61099998,,
LSE,PEG,GBP,5/17/2017,1/1/2017,12/31/2017,1/1/2016,12/31/2016,2,2,1,2,1,,,,,,1,0,0,0,0,0,0,1,0,0,0,1150000,1210000,0.0186,0.02525,15311000,16400002,910000,1050000,1600000,1700000,,
LSE,PFD,GBP,5/17/2017,4/1/2017,3/31/2018,4/1/2016,3/31/2017,5,5,3,5,5,,,,,,0,0,4,0,1,0,0,4,0,0,1,117160995,116723999,0.071,0.07959,790000000,797400024,58759998,60799999,135000000,139000000,,
LSE,PHC,GBP,5/17/2017,1/1/2017,12/31/2017,1/1/2016,12/31/2016,1,1,1,1,1,,,,,,1,0,0,0,0,0,0,1,0,0,0,-9185450,-4348070,-0.08902,-0.04228,5122000,6293600,-9077810,-4363880,-8673970,-3945870,,
LSE,PIL,GBP,5/17/2017,7/1/2016,6/30/2017,7/1/2015,6/30/2016,1,2,1,1,1,,,,,,1,0,0,0,0,0.073,0.078,1,0,0,0,9200000,8300000,0.2748,0.22,185102005,186600006,3211000,5300000,7800000,13600000,,
LSE,PVR,EUR,5/17/2017,1/1/2017,12/31/2017,1/1/2016,12/31/2016,1,1,1,1,0,,,,,,1,0,0,0,0,0,0,0,0,-0.00925,1,-4000000,-4000000,-0.02,-0.01,0,0,-8000000,-4000000,0,0,,
LSE,RKH,GBP,5/17/2017,1/1/2017,12/31/2017,1/1/2016,12/31/2016,7,7,4,5,7,,,,,,2,1,4,0,0,0,0,5,0.00384,-0.00073,2,-7973665,-7079080,0.17788,-0.01263,6002510,11058500,79346100,-9401355,-3480455,-1538580,,
LSE,RMG,GBP,5/17/2017,4/1/2017,3/31/2018,4/1/2016,3/31/2017,13,13,8,12,6,,,,,,4,0,8,0,3,0.23,0.243,13,0.71371,0.71206,3,542354492,498083008,0.4034,0.39997,9599900391,9741429688,400018005,395151489,841000000,850209473,,
LSE,RMM,GBP,5/17/2017,1/1/2017,12/31/2017,1/1/2016,12/31/2016,1,1,1,1,1,,,,,,1,0,0,0,0,0,0,1,0,0,0,0,-965290,-0.05489,-0.00322,24886700,26183201,-10491100,-1930580,0,1208450,,
LSE,ROL,GBP,5/17/2017,12/1/2016,11/30/2017,12/1/2015,11/30/2016,1,1,1,1,1,,,,,,1,0,0,0,0,0.023,0.025,1,0,0,0,4000000,4600000,0.0546,0.064,54974998,58000000,2206000,2700000,7000000,7700000,,
LSE,RUS,GBP,5/17/2017,1/1/2017,12/31/2017,1/1/2016,12/31/2016,1,0,1,0,0,,,,,,0,0,0,0,0,0.02262,0.02476,2,0,0,0,0,0,0.05511,0.04512,122802002,0,6246910,37138401,0,0,,
LSE,SAA,GBP,5/17/2017,1/1/2017,12/31/2017,1/1/2016,12/31/2016,2,2,0,2,2,,,,,,2,0,0,0,0,0.08295,0.09402,2,0,0,0,22783249,25999701,0.2055,0.22882,225386993,227432007,3340000,0,24844900,28763849,,
LSE,SAL,GBP,5/17/2017,1/1/2017,12/31/2017,1/1/2016,12/31/2016,2,2,2,2,0,,,,,,0,0,1,0,0,0,0.01,2,0,0,0,-42500,1100000,0.003,0.0365,9661000,10150000,-660000,870000,0,0,,
LSE,SAR,GBP,5/17/2017,7/1/2016,6/30/2017,7/1/2015,6/30/2016,2,2,2,2,1,,,,,,1,0,0,0,0,0,0,1,0,0,0,-1200000,250000,-0.0004,0.00015,0,1010000,-1048110,250000,0,300000,,
LSE,SCH,GBP,5/17/2017,1/1/2017,12/31/2017,1/1/2016,12/31/2016,2,2,2,1,2,,,,,,2,0,0,0,0,0.13341,0.14352,2,0.11233,0.11867,1,23469400,25642000,0.14017,0.17342,84278702,92591797,21489901,26586700,28567900,29255001,,
LSE,SCT,GBP,5/17/2017,8/1/2016,7/31/2017,8/1/2015,7/31/2016,4,3,3,3,3,,,,,,3,0,0,0,1,0.066,0.08952,4,0,0.2219,1,46750000,49348801,0.191,0.2012,672351013,799000000,33158001,37000000,48869999,52000000,,
LSE,SDI,GBP,5/17/2017,5/1/2017,4/30/2018,5/1/2016,4/30/2017,1,1,0,0,1,,,,,,0,0,0,0,0,0,0,1,0,0,0,0,0,0.017,0.019,10700000,12600000,0,0,2300000,3200000,,
LSE,SHG,GBP,5/17/2017,1/1/2017,12/31/2017,1/1/2016,12/31/2016,3,3,2,3,3,,,,,,3,0,0,0,0,0,0,3,-0.04758,-0.01462,1,13319265,19474899,0.01214,0.01934,86331001,80795097,8760545,13476835,42217400,28487301,,
LSE,SMS,GBP,5/17/2017,1/1/2017,12/31/2017,1/1/2016,12/31/2016,4,4,3,3,4,,,,,,4,0,0,0,0,0.0405,0.04929,4,-0.07941,-0.0488,2,22299999,25000000,0.1886,0.2155,67188004,78673996,15245000,17400000,32729500,39766502,,
LSE,SND,GBP,5/17/2017,10/1/2016,9/30/2017,10/1/2015,9/30/2016,3,4,1,2,2,,,,,,0,0,0,0,0,0.024,0.026,3,0,0,0,3356000,3874110,0.055,0.05551,21320000,22100000,2427000,2908000,4324500,4886610,,
LSE,SNG,GBP,5/17/2017,1/1/2017,12/31/2017,1/1/2016,12/31/2016,2,1,0,2,2,,,,,,0,0,0,0,0,0,0,2,0,0,0,-4004135,-3533475,-0.04116,-0.03671,0,0,0,0,-3972380,-3500975,,
LSE,SOU,GBP,5/17/2017,1/1/2017,12/31/2017,1/1/2016,12/31/2016,2,2,1,2,1,,,,,,0,0,2,0,0,0,0,2,-0.00809,-0.00773,1,0,-5239705,-0.0252,-0.00155,833000,800000,-13064000,-6400000,-8600000,-3300000,,
LSE,SPI,GBP,5/17/2017,1/1/2017,12/31/2017,1/1/2016,12/31/2016,9,9,8,8,9,,,,,,3,1,4,0,1,0.038,0.03574,8,0.02618,0.01,1,109551498,105151001,0.191,0.16998,926400024,965763977,53599998,67515099,162000000,162399994,,
LSE,SQS,GBP,5/17/2017,1/1/2017,12/31/2017,1/1/2016,12/31/2016,5,5,2,3,4,,,,,,3,0,2,0,0,0.12804,0.13908,4,0,0,0,18872227,20564562,0.38006,0.39131,279214905,291528809,12803989,11852446,25380493,27335667,,
LSE,SRB,GBP,5/7/2017,1/1/2017,12/31/2017,1/1/2016,12/31/2016,1,1,0,0,1,,,,,,1,0,0,0,0,0,0,1,-0.00002,0.00009,1,0,0,0.00496,0.01057,42563499,44944698,3585390,0,10718800,14842000,,
LSE,SRC,GBP,5/17/2017,1/1/2017,12/31/2017,1/1/2016,12/31/2016,1,1,1,1,1,,,,,,0,0,0,0,0,0,0,0,0,0,0,-700000,3400000,-0.014,0.024,0,25799999,-2400000,2500000,-700000,5100000,,
LSE,STB,GBP,5/17/2017,1/1/2017,12/31/2017,1/1/2016,12/31/2016,6,5,4,3,0,,,,,,3,0,2,0,0,0.75,0.785,6,0,0,0,41613998,66300003,1.018,1.48765,129300003,142901001,135699997,25299999,0,0,,
LSE,STR,GBP,5/17/2017,9/1/2016,8/31/2017,9/1/2015,8/31/2016,1,0,0,0,0,,,,,,1,0,0,0,0,0.025,0,0,0,0,0,11000000,0,0.203,0.232,47799000,0,-386000,0,12300000,0,,
LSE,SXX,GBP,5/17/2017,1/1/2017,12/31/2017,1/1/2016,12/31/2016,1,1,1,2,2,,,,,,2,0,0,0,0,0,0,2,0,0,0,-41273800,-11301100,-0.009,-0.0009,0,0,-22954000,-5000000,-41273800,-11301100,,
LSE,SYS,GBP,11/20/2016,4/1/2016,3/31/2017,4/1/2015,3/31/2016,1,1,1,1,1,,,,,,0,0,0,0,0,0,0,1,0,0,0,356000,527000,0.0024,0.021,4764000,7757000,302000,183000,666000,806000,,
LSE,TAP,GBP,5/17/2017,1/1/2017,12/31/2017,1/1/2016,12/31/2016,1,1,1,1,1,,,,,,1,0,0,0,0,0.08174,0.05823,1,0,0,0,19261101,20957300,0.20977,0.26536,101858002,125362999,13328200,14558300,20960600,22959000,,
LSE,TCM,GBP,5/17/2017,1/1/2017,12/31/2017,1/1/2016,12/31/2016,5,5,5,5,5,,,,,,5,0,0,0,0,0.06474,0.06576,3,0,0.3678,1,27677700,30980499,0.20718,0.21008,299651001,348290985,13446300,24192600,43995399,51906601,,
LSE,TDE,EUR,5/17/2017,1/1/2017,12/31/2017,1/1/2016,12/31/2016,34,24,26,26,29,,,,,,12,3,15,2,4,0.55,0.4,28,2.57953,2.68542,15,5469000000,7413274902,0.47,0.74297,52036000000,53357898438,2369000000,3813705078,15118000000,17119000000,,
LSE,TEK,GBP,5/10/2015,10/31/2014,10/30/2015,10/31/2013,10/30/2014,1,1,0,0,1,,,,,,1,0,0,0,0,0,0,1,0,0,0,0,0,0,0,0,1000000,0,0,0,0,,
LSE,TRP,GBP,9/18/2016,1/1/2016,12/31/2016,1/1/2015,12/31/2015,1,0,0,0,1,,,,,,0,0,1,0,0,0,0,1,-0.019,-0.00471,1,0,0,-0.32227,-0.20673,0,0,-6643710,0,-2236440,-2209970,,
LSE,TTA,EUR,5/17/2017,1/1/2017,12/31/2017,1/1/2016,12/31/2016,35,20,28,28,25,,,,,,18,5,12,1,0,2.47717,2.48,29,6.78015,8.23632,21,7774350098,12114450195,3.28038,3.87451,1.4197E+11,1.46664E+11,5874370117,9485224609,19335300781,24343599609,,
LSE,TTR,GBP,5/17/2017,1/1/2017,12/31/2017,1/1/2016,12/31/2016,2,2,2,2,2,,,,,,1,0,0,0,0,0.083,0.038,2,0.10814,0.19925,1,9000000,13842000,0.09723,0.14516,62270302,76150002,6305730,10662500,10600000,15742001,,
LSE,TUI,GBP,5/17/2017,10/1/2016,9/30/2017,10/1/2015,9/30/2016,16,15,11,11,14,,,,,,7,1,0,0,0,0.52813,0.54854,15,1.39193,1.73234,4,771530029,957896973,0.50714,0.93584,14525000000,15153599609,392949005,548193970,1162329956,1289209961,,
LSE,UCG,GBP,5/17/2017,4/1/2017,3/31/2018,4/1/2016,3/31/2017,1,1,0,0,1,,,,,,1,0,0,0,0,0.004,0.005,1,0,0,0,0,0,0.0152,0.0162,21600000,22100000,0,0,1770000,1840000,,
LSE,VEC,GBP,5/17/2017,1/1/2017,12/31/2017,1/1/2016,12/31/2016,6,7,6,4,7,,,,,,5,0,2,0,1,0,0,6,0.07123,0.03379,1,48400002,-58705250,0.06724,0.04,126500000,172600006,-32099998,-44000000,52549999,32799999,,
LSE,VOG,GBP,5/17/2017,1/1/2017,12/31/2017,1/1/2016,12/31/2016,1,0,0,0,1,,,,,,1,0,0,0,0,0,0,1,0.1133,0.12535,1,0,0,-0.02428,-0.00783,0,0,0,0,11330000,12535200,,
LSE,VRS,GBP,5/7/2017,4/1/2017,3/31/2018,4/1/2016,3/31/2017,0,0,0,0,0,,,,,,0,0,0,0,0,0,0,0,0,0,0,0,0,0,0,0,0,0,0,0,0,,
LSE,YOU,GBP,5/17/2017,8/1/2016,7/31/2017,8/1/2015,7/31/2016,2,2,1,2,2,,,,,,0,1,0,0,0,0.014,0.016,2,0,0,0,4327000,14175000,0.088,0.103,88202003,104800003,3401000,4908000,12225000,14376500,,
LSE,ZHEH,HKD,5/17/2017,1/1/2017,12/31/2017,1/1/2016,12/31/2016,5,4,4,3,3,,,,,,3,1,1,0,0,0.39605,0.43353,3,1.05031,1.16566,2,5575879883,6095560059,0.78028,0.78063,10861099609,13080049805,3388629883,3382270020,7062620117,7754580078,,
LSE,LKOH,RUB,5/17/2017,1/1/2017,12/31/2017,1/1/2016,12/31/2016,14,15,15,12,15,,,,,,12,0,4,0,0,189.232,204.545,13,962.04901,964.39001,8,3.83042E+11,5.46978E+11,266.70551,535.50452,5.227E+12,5.5292E+12,2.01444E+11,4.05175E+11,6.67409E+11,8.31787E+11,,
LSE,MDO,USD,5/17/2017,1/1/2017,12/31/2017,1/1/2016,12/31/2016,2,1,1,1,1,,,,,,0,0,0,0,2,0.04,0.04,2,0,0,0,68000000,70000000,0.0456,0.05106,597400024,610000000,55200001,58000000,129000000,130000000,,
LSE,EVR,GBP,5/17/2017,1/1/2017,12/31/2017,1/1/2016,12/31/2016,9,9,9,8,9,,,,,,4,0,1,0,4,0,0.09618,7,0.62645,0.80121,3,614656006,1075130005,-0.12139,0.35821,6242049805,7267770020,-173996994,583114990,1247920044,1509170044,,
LSE,ING,GBP,5/17/2017,1/1/2017,12/31/2017,1/1/2016,12/31/2016,1,1,1,1,1,,,,,,1,0,0,0,0,0.01,0.015,1,0,0,0,700000,1200000,0.0598,0.074,15204000,17299999,999000,1300000,1600000,1500000,,
LSE,MCRO,GBP,5/17/2017,5/1/2017,4/30/2018,5/1/2016,4/30/2017,11,5,6,4,6,,,,,,6,0,3,1,0,0.70988,0.69025,8,1.51192,1.3577,2,523802490,405864990,1.41519,1.414,1120939941,1085020020,124194000,195540009,534130981,528677002,,
LSE,NMB,USD,5/17/2017,1/1/2017,12/31/2017,1/1/2016,12/31/2016,1,1,1,0,0,,,,,,0,0,1,0,0,0,0,1,0,0,0,0,0,0.01,0.01,38707401,39610001,5060000,4340000,0,0,,
LSE,AIRC,HKD,5/17/2017,1/1/2017,12/31/2017,1/1/2016,12/31/2016,21,19,20,19,15,,,,,,3,2,9,2,3,0.13388,0.11289,16,2.36515,2.07708,9,19559900391,15676599609,0.61784,0.63219,1.28459E+11,1.4129E+11,7596540039,8464379883,34591398438,33462300781,,
LSE,ARBB,GBP,5/17/2017,1/1/2017,12/31/2017,1/1/2016,12/31/2016,2,1,1,0,0,,,,,,1,0,0,0,0,0,0.33,2,0,0,0,0,0,-0.037,0.459,41450001,54153999,166143005,6572000,0,0,,
LSE,ATMA,USD,5/17/2017,1/1/2017,12/31/2017,1/1/2016,12/31/2016,1,0,1,1,0,,,,,,1,0,0,0,0,0,0,1,0,0,0,229000000,257000000,0.29,0.12,241699997,0,8400000,9000000,0,0,,
LSE,BLVN,GBP,5/17/2017,7/1/2016,6/30/2017,7/1/2015,6/30/2016,5,3,3,4,2,,,,,,1,0,2,0,1,0,0,1,-0.01696,-0.00801,1,-16977448,-6733442,0.01231,-0.00803,0,0,-101283447,4485759,-7324240,-8658325,,
LSE,BYOT,GBP,5/17/2017,4/1/2017,3/31/2018,4/1/2016,3/31/2017,0,0,0,0,0,,,,,,0,0,0,0,0,0,0,0,0,0,0,0,0,0,0,3000000,0,0,0,100000,0,,
LSE,ANP,GBP,5/17/2017,1/1/2017,12/31/2017,1/1/2016,12/31/2016,2,2,0,1,2,,,,,,2,0,0,0,0,0.055,0.06,2,0.1139,0.19502,1,3815890,3861520,0.1662,0.15813,24340000,26684200,2580000,0,4599945,4937780,,
LSE,BAC,USD,5/17/2017,1/1/2017,12/31/2017,1/1/2016,12/31/2016,31,24,16,15,0,,,,,,19,4,9,0,1,0.25,0.39,23,0,0,0,29156500000,34077000000,1.5,1.84,83700000000,89043351563,17900000000,21012000000,0,0,,
LSE,BWO,ZAR,5/17/2017,10/1/2016,9/30/2017,10/1/2015,9/30/2016,8,8,7,7,7,,,,,,2,0,2,0,5,3.45,3.815,8,25.1254,22.52865,6,4134485352,4135390137,8.3598,9.48872,66547000000,67449953125,1772000000,2016000000,6575000000,6776839844,,
LSE,CLG,GBP,5/17/2017,5/1/2017,4/30/2018,5/1/2016,4/30/2017,1,1,0,1,1,,,,,,1,0,0,0,0,0.07243,0.08698,1,0,0,0,17460400,20321600,0.12213,0.14666,332445007,371570007,0,0,25157400,29921600,,
LSE,DFIJ,USD,5/17/2017,1/1/2017,12/31/2017,1/1/2016,12/31/2016,9,8,8,8,8,,,,,,3,3,2,0,1,0.21,0.24129,9,0.44421,0.52635,4,456000000,512500000,0.3403,0.38482,11200700195,11561000000,469000000,522183472,671799988,732101501,,
LSE,FDM,GBP,5/17/2017,1/1/2017,12/31/2017,1/1/2016,12/31/2016,4,4,3,4,4,,,,,,4,0,0,0,0,0.196,0.22,4,0,0,0,37599998,41449997,0.258,0.2825,189403000,220149994,26181999,27799999,38799999,42750000,,
LSE,KNM,JPY,5/17/2017,4/1/2017,3/31/2018,4/1/2016,3/31/2017,6,7,7,7,5,,,,,,2,0,3,0,2,58,61.5,6,324.27801,332,3,36359000000,46695500000,191.89,219.24499,2.29922E+11,2.55739E+11,25951000000,29291798828,52645000000,60243402344,,
LSE,MAW,JPY,5/17/2017,4/1/2017,3/31/2018,4/1/2016,3/31/2017,3,3,3,3,2,,,,,,1,0,2,0,0,40,40,3,0,425,1,4953000000,5250000000,230.76,275.29999,32187000000,33700000000,2850000000,3400000000,7000000000,7325000000,,
LSE,MEL,JPY,5/17/2017,4/1/2017,3/31/2018,4/1/2016,3/31/2017,20,19,19,20,13,,,,,,14,3,2,0,1,27,30,18,170.498,186.39999,5,2.70104E+11,3.13E+11,98.07,109,4.23866E+12,4.39E+12,2.10493E+11,2.34E+11,4.15032E+11,4.75E+11,,
LSE,MHM,USD,5/17/2017,1/1/2017,12/31/2017,1/1/2016,12/31/2016,19,14,15,12,10,,,,,,11,1,9,0,0,1.3,1.425,10,4.29686,4.71728,1,2708000000,2955500000,3.42,3.8,13211000000,13932000000,1768000000,1964630005,3146649902,3433049805,,
LSE,NHY,NOK,5/17/2017,1/1/2017,12/31/2017,1/1/2016,12/31/2016,26,21,24,24,24,,,,,,10,2,13,0,1,1.25,1.3,26,4.853,5.76336,14,6425500000,11559500000,1.83,3.725,81953000000,93963601563,6586000000,7723500000,11899000000,16762550781,,
LSE,PCA,GBP,5/17/2017,4/1/2017,3/31/2018,4/1/2016,3/31/2017,3,3,2,3,1,,,,,,1,0,0,0,0,0.18,0.18,3,0,0,0,9500000,9230000,0.2133,0.214,13969000,13630000,8711500,5190500,9500000,9230000,,
LSE,SCL,USD,5/17/2017,1/1/2017,12/31/2017,1/1/2016,12/31/2016,39,34,31,27,32,,,,,,27,4,9,0,0,2,2,20,4.46,4.19895,16,2348000000,3011000000,1.14,1.44,27810000000,30062750000,1550000000,2007790039,6442000000,6902584961,,
LSE,SMA,GBP,8/7/2016,1/1/2016,12/31/2016,1/1/2015,12/31/2015,1,1,0,1,1,,,,,,0,0,1,0,0,0,0,0,0,0,0,-360000,-360000,-0.0045,-0.00069,0,0,-1417870,0,-160000,-160000,,
LSE,THL,ZAR,5/17/2017,4/1/2017,3/31/2018,4/1/2016,3/31/2017,2,3,3,3,3,,,,,,2,0,1,0,0,3.185,4.475,2,0,0,0,2188000000,2855000000,8.78246,13.0498,19848199219,21552000000,917200012,1486000000,2864000000,3642600098,,
LSE,TYT,JPY,5/17/2017,4/1/2017,3/31/2018,4/1/2016,3/31/2017,21,21,21,21,17,,,,,,6,1,13,0,2,210,210,20,1017.33447,1027.55005,9,1.99437E+12,2.175E+12,605.46997,631.75201,2.75971E+13,2.8043E+13,1.8311E+12,1.863E+12,3.30071E+12,3.30234E+12,,
LSE,USY,USD,5/17/2017,1/1/2017,12/31/2017,1/1/2016,12/31/2016,4,4,3,2,1,,,,,,3,0,1,0,0,0,0,0,0,0,0,215850006,228750000,-0.95,-1.575,2820699951,2740899902,-47700001,-91000000,384600006,372299988,,
LSE,RDSA,GBP,5/17/2017,1/1/2017,12/31/2017,1/1/2016,12/31/2016,36,22,28,24,24,,,,,,25,3,6,1,3,1.52146,1.45561,30,2.51222,3.80187,21,6667740234,16990150391,0.74455,1.37499,1.89043E+11,2.30972E+11,3702500000,11641500000,25045199219,37106550781,,
LSE,RDSB,GBP,5/17/2017,1/1/2017,12/31/2017,1/1/2016,12/31/2016,35,22,28,24,24,,,,,,25,3,6,1,3,1.52146,1.45561,29,2.51222,3.80187,21,6667740234,16990150391,0.74455,1.37653,1.89043E+11,2.30972E+11,3702500000,11641500000,25045199219,37106550781,,
LSE,RENE,GBP,5/17/2017,4/1/2017,3/31/2018,4/1/2016,3/31/2017,3,3,2,3,3,,,,,,2,0,0,0,0,0,0,3,0,0,0,-20638700,-31677000,-0.0058,-0.00919,29000,29000,-21702999,-29243999,-20506701,-31549000,,
LSE,IFL,GBP,11/29/2015,7/1/2015,6/30/2016,7/1/2014,6/30/2015,1,1,1,1,1,,,,,,1,0,0,0,0,0,0,1,0.00499,0.01204,1,-11309100,-8126550,-0.02772,-0.01405,115362999,101230003,-15245100,-7675070,-5044740,-1053440,,
LSE,888,GBP,5/17/2017,1/1/2017,12/31/2017,1/1/2016,12/31/2016,5,5,4,4,5,,,,,,4,0,1,0,0,0.157,0.13542,5,0.14335,0.20361,2,54910347,57569351,0.13758,0.14218,421477997,425964996,41678398,48900002,72998001,76712997,,
LSE,PFC,GBP,5/17/2017,1/1/2017,12/31/2017,1/1/2016,12/31/2016,23,21,19,20,20,,,,,,11,0,7,1,4,0.53413,0.5298,19,1.29486,1.44333,9,411118988,461857483,0.75477,0.8862,6371540039,5911259766,809291,320532990,569739990,625474487,,
LSE,KAZ,GBP,5/17/2017,1/1/2017,12/31/2017,1/1/2016,12/31/2016,17,14,12,14,14,,,,,,8,0,6,0,2,0,0,13,-0.00254,0.88978,9,178862000,445144470,0.32372,0.58703,619916016,1293285034,143244003,261274506,281632996,632640991,,
LSE,AXS,GBP,5/17/2017,4/1/2017,3/31/2018,4/1/2016,3/31/2017,3,3,3,3,3,,,,,,3,0,0,0,0,0,0,3,-0.00268,0.00956,1,-4353350,-2484260,-0.05719,-0.0439,46590302,49239601,-4694790,-4855040,-2133990,129368,,
LSE,DRV,GBP,5/17/2017,10/1/2016,9/30/2017,10/1/2015,9/30/2016,1,1,0,1,1,,,,,,0,0,0,0,0,0,0,1,0,0,0,-208000,1866230,-0.00998,0.03027,58261002,52090599,-5230000,0,295000,2416230,,
LSE,HIK,GBP,5/17/2017,1/1/2017,12/31/2017,1/1/2016,12/31/2016,13,10,10,10,10,,,,,,8,0,5,0,1,0.26706,0.26481,11,1.15836,1.42678,4,326079010,334851501,0.95415,0.91248,1578109985,1664260010,127866997,202189499,393719513,460734985,,
LSE,SRT,GBP,2/26/2017,4/1/2016,3/31/2017,4/1/2015,3/31/2016,1,1,0,0,0,,,,,,1,0,0,0,0,0,0,0,0,0,0,0,0,0.0033,0.006,10683600,12000000,433674,0,0,0,,
LSE,SNX,GBP,5/17/2017,12/1/2016,11/30/2017,12/1/2015,11/30/2016,1,1,1,1,0,,,,,,1,0,0,0,0,0.02,0.04,1,0,0,0,2757000,3151000,0.124,0.14,70913002,73000000,1471000,2241000,0,0,,
LSE,STHR,GBP,5/17/2017,12/1/2016,11/30/2017,12/1/2015,11/30/2016,6,6,3,5,6,,,,,,4,0,2,0,0,0.14,0.14,5,0.26176,0.27283,1,41299999,40347301,0.206,0.21421,959900024,1044609985,27242001,28934500,47000000,47489201,,
LSE,MTW,GBP,5/17/2017,6/1/2016,5/31/2017,6/1/2015,5/31/2016,4,4,1,4,4,,,,,,1,0,3,0,0,0.1225,0.13954,4,0.29469,0.36031,1,7550370,9962210,0.31,0.33223,42950001,48016853,5245000,5400000,9290000,10693750,,
LSE,GEM,GBP,5/17/2017,7/1/2016,6/30/2017,7/1/2015,6/30/2016,7,7,6,7,7,,,,,,5,0,1,0,0,0,0,7,0.06874,0.017,4,31449867,-4779063,0.01542,-0.0234,148878326,105022568,9172128,-12952177,53483284,12926888,,
LSE,TRAK,GBP,5/17/2017,4/1/2017,3/31/2018,4/1/2016,3/31/2017,1,1,0,1,1,,,,,,0,0,0,0,0,0,0,1,0,0,0,1164910,3122150,0.02796,0.06717,26952101,31959000,0,0,2453910,4672150,,
LSE,HSTN,GBP,5/17/2017,1/1/2017,12/31/2017,1/1/2016,12/31/2016,6,5,6,5,0,,,,,,3,1,1,0,1,0.059,0.0438,6,0,0,0,76000000,58900002,0.067,0.051,112599998,78199997,109500000,81300003,83650002,0,,
LSE,HSP,GBP,5/17/2017,6/1/2016,5/31/2017,6/1/2015,5/31/2016,2,2,1,2,2,,,,,,1,0,0,0,0,0.023,0.08114,2,0,0,0,4625000,9747540,0.0563,0.20704,340665009,369000000,1817000,6664960,21149000,21400000,,
LSE,SEE,GBP,5/17/2017,7/1/2016,6/30/2017,7/1/2015,6/30/2016,1,1,1,1,1,,,,,,0,0,0,0,0,0,0,1,0,0,0,-1670064,-20868074,-0.00107,-0.01648,20027987,8176618,-800545,-20967997,-1133261,-20319454,,
LSE,AFS,GBP,5/17/2017,1/1/2017,12/31/2017,1/1/2016,12/31/2016,1,1,1,1,0,,,,,,1,0,0,0,0,0,0,0,0,0,0,2994370,3602160,0.07688,0.10847,85453003,89253502,1895350,3602160,0,0,,
LSE,DCI,GBP,5/17/2017,1/1/2017,12/31/2017,1/1/2016,12/31/2016,1,1,0,0,0,,,,,,0,0,1,0,0,0,0,1,0,0,0,0,0,-0.18779,-0.049,15491100,13390600,-222779999,0,0,0,,
LSE,SQZ,GBP,5/17/2017,1/1/2017,12/31/2017,1/1/2016,12/31/2016,2,3,2,2,2,,,,,,2,0,1,0,0,0,0,1,-0.0039,0.05997,1,2994370,15924399,0.03237,0.07931,17344700,32569099,8771090,19205349,4319585,19344051,,
LSE,BVIC,GBP,5/17/2017,10/1/2016,9/30/2017,10/1/2015,9/30/2016,12,10,8,9,10,,,,,,5,1,5,1,0,0.245,0.25249,10,0.50375,0.65901,4,178699997,177459000,0.49,0.4816,1431300049,1509099976,114500000,120291504,228100006,231850006,,
LSE,POS,GBP,5/17/2017,7/1/2016,6/30/2017,7/1/2015,6/30/2016,1,1,1,1,1,,,,,,1,0,0,0,0,0,0,1,0,0,0,0,-7000000,-0.0639,-0.0626,11227000,6200000,-5790000,-6900000,0,-2500000,,
LSE,GEEC,GBP,5/17/2017,4/1/2017,3/31/2018,4/1/2016,3/31/2017,1,1,0,1,1,,,,,,1,0,0,0,0,0,0,0,0,0,0,10116100,17094000,0.00566,0.05414,26706499,38210098,0,0,14405300,22663099,,
LSE,LRE,GBP,5/17/2017,1/1/2017,12/31/2017,1/1/2016,12/31/2016,17,10,12,5,3,,,,,,0,1,10,2,4,0.72836,0.52096,14,0.38035,0.37726,1,134721008,100075996,0.5746,0.46084,513008972,478067505,124468002,93215950,136445999,99265900,,
LSE,DRX,GBP,5/17/2017,1/1/2017,12/31/2017,1/1/2016,12/31/2016,14,10,10,11,11,,,,,,6,0,4,2,2,0.025,0.0862,13,0.38805,0.5076,3,31000000,77000000,0.05,0.09152,2949800049,3544000000,193899994,42000000,140000000,230100006,,
LSE,CREO,GBP,5/17/2017,7/1/2016,6/30/2017,7/1/2015,6/30/2016,1,1,1,1,1,,,,,,1,0,0,0,0,0,0,0,0,0,0,0,-7988000,0,-0.095,0,0,0,-7699000,0,-5728000,,
LSE,NASA,GBP,5/17/2017,1/1/2017,12/31/2017,1/1/2016,12/31/2016,1,1,1,1,1,,,,,,0,0,0,0,0,0.001,0.00595,1,0,0,0,2200000,3700000,0.006,0.00466,18747999,25000000,-1127000,-1100000,3800000,5500000,,
LSE,STI,GBP,10/9/2016,1/1/2016,12/31/2016,1/1/2015,12/31/2015,1,0,0,0,1,,,,,,1,0,0,0,0,0,0,0,0,0,0,0,0,-0.0009,-0.001,0,0,-402050,0,600000,-2200000,,
LSE,OEX,AUD,2/21/2016,7/1/2015,6/30/2016,7/1/2014,6/30/2015,1,1,1,0,0,,,,,,0,0,1,0,0,0,0,0,0,-0.05,1,0,0,-0.027,-0.1,290294,3800000,-17388500,-1500000,0,0,,
LSE,RNWH,GBP,5/17/2017,10/1/2016,9/30/2017,10/1/2015,9/30/2016,2,2,0,0,1,,,,,,1,0,1,0,0,0.08,0.091,2,0,0,0,21927000,0,0.2719,0.3185,525737000,565949951,10612000,0,25990000,29200001,,
LSE,QQ.,GBP,5/17/2017,4/1/2017,3/31/2018,4/1/2016,3/31/2017,6,5,4,5,5,,,,,,0,0,5,0,2,0.05995,0.06284,5,0.16201,0.22709,1,107658997,113764999,0.162,0.16883,769070007,824778992,91729897,95816895,135225006,143000000,,
LSE,MOS,GBP,5/17/2017,7/1/2016,6/30/2017,7/1/2015,6/30/2016,1,1,0,1,1,,,,,,0,0,0,0,0,0,0,1,0,0,0,0,-1321870,0,-0.01286,0,5992500,0,0,0,-1287870,,
LSE,CTEC,GBP,5/17/2017,1/1/2017,12/31/2017,1/1/2016,12/31/2016,11,11,11,11,11,,,,,,7,0,4,0,0,0,0.05383,10,0.0351,0.16226,5,381984985,377463989,0.14567,0.14752,1366319946,1348719971,-164123993,185822998,411118988,407527008,,
LSE,VANL,GBP,5/17/2017,5/1/2017,4/30/2018,5/1/2016,4/30/2017,2,2,2,2,2,,,,,,2,0,0,0,0,0.02398,0.03731,2,-0.01729,0.09936,1,12095100,14074699,0.11297,0.12522,93025345,102750000,7250000,10950001,15731899,17811501,,
LSE,RMV,GBP,5/17/2017,1/1/2017,12/31/2017,1/1/2016,12/31/2016,19,18,14,18,18,,,,,,5,0,13,0,1,0.51,0.57668,17,1.46843,1.60254,7,166199997,181037506,1.4124,1.58143,220000000,241899994,129542007,145535492,167814499,183500000,,
LSE,CHRT,GBP,5/17/2017,5/1/2017,4/30/2018,5/1/2016,4/30/2017,2,1,0,1,1,,,,,,1,0,0,0,0,0.07,0.08,1,0,0,0,14253700,15452300,0.24277,0.30371,125800003,138899994,0,0,15453700,16752300,,
LSE,PTEC,GBP,5/17/2017,1/1/2017,12/31/2017,1/1/2016,12/31/2016,10,9,7,8,9,,,,,,10,0,0,0,0,0.27913,0.32495,10,0.6712,0.97035,4,212272491,257809021,0.51045,0.71688,604823975,748843018,164770004,240334000,256250000,312463989,,
LSE,AMC,GBP,5/17/2017,1/1/2017,12/31/2017,1/1/2016,12/31/2016,1,1,1,1,1,,,,,,0,0,0,0,0,0,0,1,0,0,0,-3329420,-3356860,-0.00647,-0.00245,0,0,-3141660,-3242620,-3329420,-3356860,,
LSE,NBI,GBP,5/17/2017,1/1/2017,12/31/2017,1/1/2016,12/31/2016,1,2,1,1,1,,,,,,1,0,0,0,0,0,0,1,0,0,0,-3600000,-3000000,-0.262,-0.109,23785999,25750000,-6298000,-2800000,3400000,4000000,,
LSE,SERV,GBP,5/17/2017,1/1/2017,12/31/2017,1/1/2016,12/31/2016,3,3,2,3,3,,,,,,3,0,0,0,0,0.056,0.06151,3,0,0.33678,1,14088000,17490101,0.161,0.19299,60957001,69608498,7699000,12582500,15700000,18939400,,
LSE,PANR,GBP,5/17/2017,7/1/2016,6/30/2017,7/1/2015,6/30/2016,2,2,1,1,2,,,,,,2,0,0,0,0,0,0,2,0,0,0,-930000,-1200000,-0.0046,-0.0053,385,0,-924313,-1100000,-929309,-1300000,,
LSE,RHL,GBP,3/19/2017,10/1/2016,9/30/2017,10/1/2015,9/30/2016,1,1,0,0,1,,,,,,1,0,0,0,0,0,0,1,0,0,0,0,0,0,0.005,43823002,46700001,-1670000,0,1200000,2800000,,
LSE,CLIG,GBP,5/17/2017,7/1/2016,6/30/2017,7/1/2015,6/30/2016,3,3,2,3,1,,,,,,0,0,1,0,0,0.24,0.25,3,0,0,0,11200000,11670000,0.231,0.351,24412800,31620001,5791350,8870000,12639100,10777200,,
LSE,TMMG,GBP,5/17/2017,1/1/2017,12/31/2017,1/1/2016,12/31/2016,1,1,1,1,1,,,,,,0,0,0,0,0,0.015,0.0165,1,0,0,0,7560000,8568000,0.0641,0.07272,144095993,152302002,4434000,5800000,9680000,10268000,,
LSE,CPX,GBP,12/13/2015,7/1/2015,6/30/2016,7/1/2014,6/30/2015,1,1,0,1,1,,,,,,0,0,0,0,0,0,0,0,0,0,0,-986691,-628907,-0.00682,-0.00202,2327450,2249370,-986869,0,-831865,-440694,,
LSE,QFI,GBP,5/17/2017,7/1/2016,6/30/2017,7/1/2015,6/30/2016,1,1,1,1,1,,,,,,1,0,0,0,0,0,0,1,-0.00498,-0.00498,1,-4939000,-4500000,-0.0059,-0.0054,2000,793563,-4757000,-4500000,-4406500,-4548370,,
LSE,LOGP,GBP,5/17/2017,1/1/2017,12/31/2017,1/1/2016,12/31/2016,1,1,1,1,1,,,,,,2,0,0,0,0,0,0,1,0,0,0,0,-800000,0,-0.004,0,0,0,-800000,0,-800000,,
LSE,MBT,GBP,5/17/2017,1/1/2017,12/31/2017,1/1/2016,12/31/2016,1,1,1,1,1,,,,,,1,0,0,0,0,0,0,1,0,0,0,-2200000,-1500000,-0.0139,-0.007,2024000,2700000,-3448000,-1800000,-2000000,-1300000,,
LSE,HAT,GBP,5/17/2017,1/1/2017,12/31/2017,1/1/2016,12/31/2016,3,3,0,1,0,,,,,,1,1,0,0,0,0.09,0.1,3,0,0,0,8167710,9024340,0.2088,0.239,94223000,96599998,7582000,0,0,0,,
LSE,DEB,GBP,5/17/2017,9/1/2016,8/31/2017,9/1/2015,8/31/2016,16,13,11,13,15,,,,,,0,0,11,0,6,0.03425,0.03425,15,0.16932,0.15306,5,128014999,114000000,0.078,0.066,2938500000,2968469971,85900002,80988197,235899994,224899994,,
LSE,HZM,GBP,5/17/2017,1/1/2017,12/31/2017,1/1/2016,12/31/2016,1,1,0,1,1,,,,,,1,0,0,0,0,0,0,1,0,0,0,-1529900,-3400000,-0.0024,-0.003,0,0,-1746330,0,-1529900,-3400000,,
LSE,XTR,GBP,11/8/2015,1/1/2015,12/31/2015,1/1/2014,12/31/2014,1,1,1,1,1,,,,,,1,0,0,0,0,0,0,0,0,0,0,0,-299000,0,0,1144000,4232000,0,-317000,-2314000,-226000,,
LSE,NVA,GBP,5/17/2017,1/1/2017,12/31/2017,1/1/2016,12/31/2016,7,6,5,2,1,,,,,,3,1,3,0,0,0.15,0.158,7,0,0.29365,1,30799999,15690500,0.324,0.122,901000000,968900024,21600000,4700000,30799999,9481000,,
LSE,MARL,GBP,3/12/2017,1/1/2017,12/31/2017,1/1/2016,12/31/2016,1,0,0,0,1,,,,,,1,0,0,0,0,0,0,0,0,0,0,0,0,-0.018,-0.019,0,0,0,0,-2200000,-2400000,,
LSE,HCM,GBP,5/17/2017,1/1/2017,12/31/2017,1/1/2016,12/31/2016,6,6,5,6,4,,,,,,5,0,0,0,0,0,0,4,-0.19397,-0.42395,2,-37791401,-41960197,0.16186,-0.25423,174871002,183409500,9467080,-14943800,-35896900,-42447601,,
LSE,PHD,GBP,5/17/2017,8/1/2016,7/31/2017,8/1/2015,7/31/2016,3,3,0,2,3,,,,,,1,0,0,0,0,0.013,0.014,3,0,0,0,3200000,5224495,0.068,0.08546,19374001,25702801,2485000,0,5300000,7848990,,
LSE,IAE,CAD,5/17/2017,1/1/2017,12/31/2017,1/1/2016,12/31/2016,7,6,4,5,6,,,,,,1,0,5,0,3,0,0,4,0.4149,0.69281,4,-7107567,67493217,-0.17433,0.0776,192695602,489895691,-80193359,46146576,84888504,288991028,,
LSE,DSG,GBP,5/17/2017,1/1/2017,12/31/2017,1/1/2016,12/31/2016,1,1,0,0,1,,,,,,1,0,0,0,0,0.0418,0.0425,1,0,0,0,0,0,0.0695,0.064,9963000,10300000,526000,0,0,2500000,,
LSE,HKLD,USD,5/17/2017,1/1/2017,12/31/2017,1/1/2016,12/31/2016,14,12,13,13,13,,,,,,5,2,3,1,3,0.19,0.19,14,0.41084,0.28772,4,970599976,995861023,0.3603,0.3885,1993900024,2074444824,847799988,918400024,973700012,998960999,,
LSE,HMLH,GBP,5/17/2017,4/1/2017,3/31/2018,4/1/2016,3/31/2017,1,1,0,1,1,,,,,,0,0,0,0,0,0.004,0.004,1,0,0,0,1802440,2296000,0.038,0.043,20299999,24000000,0,0,2100000,2600000,,
LSE,GGP,GBP,2/21/2016,7/1/2015,6/30/2016,7/1/2014,6/30/2015,1,1,0,1,1,,,,,,0,0,0,0,0,0,0,1,0,0,0,-1080000,-560000,-0.0015,-0.0006,0,0,-1077770,0,-1080000,-550000,,
LSE,TAST,GBP,5/17/2017,1/1/2017,12/31/2017,1/1/2016,12/31/2016,1,1,1,1,1,,,,,,1,0,0,0,0,0,0,1,0,0,0,100000,2900000,-0.0156,0.04,45847000,50000000,-848000,1800000,7000000,5900000,,
LSE,IAG,GBP,5/17/2017,1/1/2017,12/31/2017,1/1/2016,12/31/2016,31,29,27,29,24,,,,,,17,2,11,1,1,0.2006,0.211,27,1.27139,1.25336,15,2163874268,2335227783,0.76995,0.79701,19263175781,19324775391,1666225830,1626846069,3262456543,3468084473,,
LSE,SL.,GBP,5/17/2017,1/1/2017,12/31/2017,1/1/2016,12/31/2016,17,6,13,12,1,,,,,,6,1,9,0,2,0.1982,0.214,16,0,0,0,723000000,744825500,0.295,0.297,18729000000,20126750000,368000000,541000000,669500000,767607971,,
LSE,AGQ,GBP,1/17/2016,1/1/2016,12/31/2016,1/1/2015,12/31/2015,1,1,1,1,1,,,,,,0,0,0,0,0,0,0,1,0,0,0,-3587000,3587660,-0.07841,0.04085,1150420,14870500,-570600,2941950,-2553860,4788160,,
LSE,GDP,GBP,5/17/2017,7/1/2016,6/30/2017,7/1/2015,6/30/2016,1,1,1,1,1,,,,,,1,0,0,0,0,0,0,0,0,0,0,1228000,2021000,0.006,0.0065,20184999,25061001,1408000,1094000,1934000,2999000,,
LSE,AVCT,GBP,5/17/2017,8/1/2016,7/31/2017,8/1/2015,7/31/2016,4,4,4,4,3,,,,,,1,0,0,0,0,0,0,2,0,0,0,-5395000,-7669245,-0.0686,-0.08975,2165000,2875000,-4647000,-6730000,-4645000,-5940000,,
LSE,IHC,GBP,5/17/2017,2/1/2017,1/31/2018,2/1/2016,1/31/2017,1,1,1,1,1,,,,,,1,0,0,0,0,0,0,0,0,0,0,1163000,1172000,0.0336,0.031,14323000,15426000,312000,941000,1367000,1473000,,
LSE,OPM,GBP,5/17/2017,6/1/2016,5/31/2017,6/1/2015,5/31/2016,1,1,1,1,1,,,,,,1,0,0,0,0,0.005,0.007,1,0,0,0,3800000,4400000,0.0551,0.059,12554000,16500000,2866000,3300000,4100000,4900000,,
LSE,IVO,GBP,5/17/2017,8/1/2016,7/31/2017,8/1/2015,7/31/2016,4,5,4,5,3,,,,,,3,0,1,0,0,0,0,2,0,0,0,-63024498,12000000,-0.432,0.13668,4257000,4469850,-63112999,17058500,-63000000,-10289000,,
LSE,GDG,GBP,5/17/2017,1/1/2017,12/31/2017,1/1/2016,12/31/2016,3,3,2,2,3,,,,,,0,0,1,0,0,0,0,2,-0.01803,-0.23275,1,3722730,6523650,-0.06232,-0.00191,23585100,28415899,-9753570,-5620645,8497550,12484400,,
LSE,TIDE,GBP,5/17/2017,1/1/2017,12/31/2017,1/1/2016,12/31/2016,1,1,0,0,1,,,,,,1,0,0,0,0,0,0,0,0,0,0,0,0,0.0008,0.0008,1860000,2500000,348000,0,700000,1000000,,
LSE,ODX,GBP,5/17/2017,4/1/2017,3/31/2018,4/1/2016,3/31/2017,2,2,2,2,1,,,,,,0,0,0,0,0,0,0,1,0,0,0,1103935,1308455,0.01073,0.01228,14249300,15345750,930000,1100000,1747870,2196910,,
LSE,VRP,GBP,5/17/2017,1/1/2017,12/31/2017,1/1/2016,12/31/2016,1,0,0,1,1,,,,,,0,0,0,0,0,0,0,1,0,0,0,-7020330,-14175800,-0.1498,-0.26291,0,0,-5018390,0,-6958700,-14102200,,
LSE,SSY,GBP,5/17/2017,1/1/2017,12/31/2017,1/1/2016,12/31/2016,2,2,2,2,2,,,,,,0,0,0,0,0,0.0198,0.0218,2,0,0,0,3207000,4561150,0.09,0.107,45743999,53400002,2222000,2121000,3997500,5557500,,
LSE,PTR,GBP,5/17/2017,1/1/2017,12/31/2017,1/1/2016,12/31/2016,1,1,0,1,2,,,,,,2,0,0,0,0,0,0,1,0,0,0,-2683130,-543800,-0.00123,0.00171,1950390,1886270,0,0,-554830,1364445,,
LSE,HRG,GBP,5/17/2017,4/1/2017,3/31/2018,4/1/2016,3/31/2017,4,4,0,2,3,,,,,,3,0,0,0,0,0.02618,0.028,4,0.05938,0.06369,1,49299999,49799999,0.07649,0.08112,333399994,333149994,0,0,55830799,58900002,,
LSE,MVI,GBP,10/23/2016,1/1/2016,12/31/2016,1/1/2015,12/31/2015,0,0,0,0,0,,,,,,1,0,0,0,0,0,0.103,1,0,0,0,0,0,0,0,0,0,0,0,0,0,,
LSE,EXPN,GBP,5/17/2017,4/1/2017,3/31/2018,4/1/2016,3/31/2017,18,16,13,13,15,,,,,,11,0,6,0,1,0.33666,0.35685,15,1.14224,1.19255,5,990174988,1021390015,0.73661,0.78164,3777725098,3820344971,686763977,712086975,1290810059,1328239990,,
LSE,BIFF,GBP,5/17/2017,4/1/2017,3/31/2018,4/1/2016,3/31/2017,4,4,3,3,4,,,,,,4,0,0,0,0,0.02482,0.062,4,0.47561,0.63052,2,73710197,77687897,0.153,0.17578,1007000000,1046770020,17299999,35799999,138416000,144881500,,
LSE,LAM,GBP,5/17/2017,1/1/2017,12/31/2017,1/1/2016,12/31/2016,4,5,4,5,5,,,,,,3,0,1,1,0,0,0,3,0.23664,0.08733,1,8011970,928182,-0.43653,-0.02599,570544983,322243988,-149164001,-5684320,32452549,17773500,,
LSE,ASHM,GBP,5/17/2017,7/1/2016,6/30/2017,7/1/2015,6/30/2016,18,16,14,16,15,,,,,,2,0,13,0,3,0.1665,0.1665,17,0.17413,0.24175,6,137899994,168899994,0.1808,0.22502,232500000,267799988,128699997,156750000,135148499,173899994,,
LSE,PIM,GBP,5/17/2017,8/1/2016,7/31/2017,8/1/2015,7/31/2016,1,1,1,1,1,,,,,,1,0,0,0,0,0,0,1,-0.02489,-0.01871,1,-200000,-600000,-0.009,0,7211000,11400000,-705000,-1200000,-100000,-400000,,
LSE,LCL,GBP,5/17/2017,1/1/2017,12/31/2017,1/1/2016,12/31/2016,17,14,10,12,12,,,,,,14,0,2,0,1,0.03,0.0473,10,0.13393,0.20058,3,111849998,317349976,0.065,0.11557,1507900024,2468109863,77099998,222837997,198906998,446940002,,
LSE,GOCO,GBP,5/17/2017,1/1/2017,12/31/2017,1/1/2016,12/31/2016,5,5,5,5,5,,,,,,3,0,1,0,1,0,0.0188,5,0.0841,0.04591,2,30000000,32799999,0.057,0.05839,142100006,154000000,15800000,24600000,31600000,34473900,,
LSE,FST,GBP,5/17/2017,1/1/2017,12/31/2017,1/1/2016,12/31/2016,1,1,1,1,1,,,,,,1,0,0,0,0,0,0,1,-0.0002,0.00065,1,-2100000,0,-0.027,-0.00358,32099998,39700001,0,-906000,700000,1500000,,
LSE,OCT,GBP,8/14/2016,4/1/2016,3/31/2017,4/1/2015,3/31/2016,1,1,0,0,1,,,,,,1,0,0,0,0,0,0,0,0,0,0,0,0,0.0015,0.002,4100000,4800000,0,0,1000000,1300000,,
LSE,DNLM,GBP,5/17/2017,7/1/2016,6/30/2017,7/1/2015,6/30/2016,13,11,7,9,9,,,,,,8,0,3,0,3,0.251,0.2605,12,0.72411,0.48291,4,129300003,115000000,0.503,0.447,880900024,957500000,102300003,90000000,154600006,144757996,,
LSE,CNKS,GBP,5/17/2017,1/1/2017,12/31/2017,1/1/2016,12/31/2016,1,1,1,1,1,,,,,,0,0,0,0,0,0.06,0.11,1,0,0,0,4319000,7786000,0.047,0.112,437450012,52000000,2544000,6112000,4501000,7985000,,
LSE,KSK,GBP,5/17/2017,4/1/2017,3/31/2018,4/1/2016,3/31/2017,1,1,0,1,1,,,,,,0,0,1,0,0,0,0,0,0,0,0,89021896,173259995,-0.45482,-0.22586,529276001,740224976,0,0,165095001,253703003,,
LSE,SOM,GBP,5/17/2017,1/1/2017,12/31/2017,1/1/2016,12/31/2016,1,1,1,1,1,,,,,,1,0,0,0,0,0.08983,0.09215,1,0,0,0,17733900,19206499,0.21851,0.21935,64219597,67857201,11538800,12436500,19891500,20809900,,
LSE,AGR,GBP,5/17/2017,4/1/2017,3/31/2018,4/1/2016,3/31/2017,2,1,0,1,1,,,,,,1,0,1,0,0,0.02275,0.02425,2,0,0,0,59640800,67238899,0.024,0.02532,69182198,77467499,0,0,59640800,67238899,,
LSE,MDC,GBP,5/17/2017,4/1/2017,3/31/2018,4/1/2016,3/31/2017,14,13,13,12,13,,,,,,8,0,4,0,2,0.07919,0.10141,14,0.4635,0.57406,6,358000000,430752502,0.31585,0.4017,2750439941,3090830078,232076004,297000000,491048004,577585022,,
LSE,MXF,GBP,5/17/2017,10/1/2016,9/30/2017,10/1/2015,9/30/2016,2,1,1,1,0,,,,,,0,0,2,0,0,0.06,0.06,2,0,0,0,27783001,30900000,0.038,0.04004,34321999,36700001,26631001,34400002,28566000,0,,
LSE,SIM,GBP,5/17/2017,1/1/2017,12/31/2017,1/1/2016,12/31/2016,1,1,0,1,1,,,,,,0,0,0,0,0,0.0011,0.00517,1,0,0,0,233076,1226880,0.00809,0.02416,4870310,6032590,292154,0,303484,1258220,,
LSE,HOC,GBP,5/17/2017,1/1/2017,12/31/2017,1/1/2016,12/31/2016,8,7,7,7,7,,,,,,3,0,5,0,0,0.02234,0.03017,6,0.47748,0.41873,5,119518005,114975998,0.08093,0.09018,556987000,599383972,36863098,49426800,266262024,272951996,,
LSE,STY,GBP,1/8/2017,1/1/2017,12/31/2017,1/1/2016,12/31/2016,1,1,1,1,1,,,,,,0,0,0,0,0,0,0,1,0,0,0,5043000,6092000,0.386,0.51,122550003,146399994,2982000,4459000,5919000,7194000,,
LSE,LSL,GBP,5/17/2017,1/1/2017,12/31/2017,1/1/2016,12/31/2016,4,2,2,3,2,,,,,,1,0,2,0,1,0.103,0.09104,3,0.404,0.184,1,34599998,32500000,0.258,0.23222,307750000,285100006,50493000,20350000,40099998,34950001,,
LSE,BKY,AUD,5/17/2017,7/1/2016,6/30/2017,7/1/2015,6/30/2016,4,3,3,3,4,,,,,,2,1,1,0,0,0,0,3,-0.03176,-0.04338,3,-7400000,-13081400,-0.0747,-0.0457,248868,200000,-13641000,-18483999,-13600000,-15709550,,
LSE,MARS,GBP,5/17/2017,10/1/2016,9/30/2017,10/1/2015,9/30/2016,6,5,4,5,5,,,,,,2,2,2,1,1,0.073,0.076,6,0.18848,0.35269,3,172699997,177500000,0.138,0.14238,937299988,928672974,80400002,82400002,212699997,218848007,,
LSE,CLST,GBP,5/17/2017,1/1/2017,12/31/2017,1/1/2016,12/31/2016,1,1,1,1,1,,,,,,0,0,0,0,0,0,0,1,0,0,0,-1595110,-1252960,-0.04566,-0.03446,12974500,13740600,-1757770,-1276420,-438636,-171134,,
LSE,SNT,GBP,8/14/2016,7/1/2016,6/30/2017,7/1/2015,6/30/2016,1,1,0,0,0,,,,,,1,0,0,0,0,0,0,1,0,0,0,0,0,-0.027,-0.004,2200000,3600000,0,0,0,0,,
LSE,IMTK,GBP,5/17/2017,4/1/2017,3/31/2018,4/1/2016,3/31/2017,1,1,0,0,1,,,,,,0,0,0,0,0,0,0,1,0,0,0,0,0,-0.002,0.002,4200000,5700000,0,0,-300000,300000,,
LSE,KEFI,GBP,5/17/2017,1/1/2017,12/31/2017,1/1/2016,12/31/2016,1,1,2,2,2,,,,,,1,0,0,0,0,0,0,1,0,0,0,-2021000,-3514440,-0.017,-0.017,0,0,-2013000,-4568930,-1971000,-3489440,,
LSE,VTU,GBP,5/17/2017,3/1/2017,2/28/2018,2/29/2016,2/28/2017,3,3,2,3,3,,,,,,2,0,0,0,0,0.014,0.015,3,0,0,0,33799999,33700001,0.0643,0.063,2822580078,2865000000,24020000,23750000,43000000,45099998,,
LSE,NRR,GBP,5/17/2017,4/1/2017,3/31/2018,4/1/2016,3/31/2017,4,2,1,2,2,,,,,,4,0,0,0,0,0.2,0.215,3,0.22323,0.24062,1,63637852,72903946,0.20878,0.222,85550003,95550003,41000000,60000000,63700352,72966446,,
LSE,TOT,EUR,5/17/2017,1/1/2017,12/31/2017,1/1/2016,12/31/2016,3,3,2,3,3,,,,,,3,0,0,0,0,0.03,0.032,3,0.185,0.223,1,57561001,65837196,0.121,0.126,3105000000,3688800049,28500000,33570351,70400002,83300003,,
LSE,DCP,GBP,11/20/2016,1/1/2016,12/31/2016,1/1/2015,12/31/2015,1,1,0,0,0,,,,,,0,0,0,0,0,0,0,1,0,0,0,0,0,-0.0064,-0.001,0,9300000,-2254590,0,0,0,,
LSE,DLN,GBP,5/17/2017,1/1/2017,12/31/2017,1/1/2016,12/31/2016,17,13,7,14,12,,,,,,6,0,10,0,3,0.5236,0.5891,17,0.74473,0.82422,5,118199997,128910492,0.7678,0.9025,149199997,160800003,58700001,-234600006,118099998,129000000,,
LSE,POLR,GBP,5/17/2017,4/1/2017,3/31/2018,4/1/2016,3/31/2017,2,2,1,1,2,,,,,,2,1,0,0,0,0.25,0.25,2,0,0,0,21200001,29299999,0.20006,0.2705,71750000,90550003,20966999,30160000,21639999,31089201,,
LSE,GEMD,GBP,5/17/2017,1/1/2017,12/31/2017,1/1/2016,12/31/2016,9,7,5,7,7,,,,,,3,0,4,0,2,0,0,7,0.41274,0.3912,3,42244949,29017900,0.10359,0.05798,153615005,167869995,-128522995,6447480,50985298,39918499,,
LSE,SAFE,GBP,5/17/2017,11/1/2016,10/31/2017,11/1/2015,10/31/2016,7,5,4,5,3,,,,,,6,0,1,0,0,0.1165,0.12982,7,0,0.20012,1,55000000,60734200,0.198,0.21893,115400002,127199997,87400002,54788250,64199997,72199997,,
LSE,3IN,GBP,5/17/2017,4/1/2017,3/31/2018,4/1/2016,3/31/2017,1,1,1,1,1,,,,,,0,0,1,0,0,0.0755,0.07739,1,0.11257,0.16875,1,110167999,191514999,0.149,0.16875,232399994,149940002,146300003,186714996,110167999,191514999,,
LSE,HAWK,GBP,5/15/2016,1/1/2016,12/31/2016,1/1/2015,12/31/2015,1,1,1,1,1,,,,,,1,0,0,0,0,0,0,0,0.0036,0.00383,1,-5908810,4535580,-0.00543,0.00139,19811300,18924299,-8684440,1669790,8375730,9094130,,
LSE,SKG,EUR,5/17/2017,1/1/2017,12/31/2017,1/1/2016,12/31/2016,12,12,10,12,12,,,,,,10,2,0,0,1,0.796,0.839,12,3.51999,3.95029,5,829999512,858499390,1.87499,2.07388,8158991699,8447992188,443999878,468887573,1234876831,1271489502,,
LSE,ETO,GBP,5/17/2017,4/1/2017,3/31/2018,4/1/2016,3/31/2017,6,6,4,5,6,,,,,,3,0,4,0,0,0.013,0.014,6,0.00419,0.12479,2,151000000,173000000,0.1945,0.2333,1008500000,1118034912,84349998,98150002,155250000,177850006,,
LSE,BRH,GBP,11/22/2015,4/1/2015,3/31/2016,4/1/2014,3/31/2015,0,1,0,1,0,,,,,,1,0,0,0,0,0,0,0,0,0,0,0,200000,-0.0278,0,1863660,1700000,-739081,0,0,0,,
LSE,INL,GBP,5/17/2017,7/1/2016,6/30/2017,7/1/2015,6/30/2016,2,2,1,1,0,,,,,,2,0,0,0,0,0.013,0.0135,2,0,0,0,21799999,26700001,0.1347,0.0715,101910004,118250000,28742001,14400000,0,0,,
LSE,JDS,USD,5/17/2017,1/1/2017,12/31/2017,1/1/2016,12/31/2016,7,6,6,6,6,,,,,,1,1,5,0,0,0.3,0.315,7,3.95673,4.37225,3,2866000000,3008879883,2.45,2.76,29552000000,31591699219,2741000000,1638034912,3750000000,3893000000,,
LSE,TPG,GBP,5/17/2017,1/1/2017,12/31/2017,1/1/2016,12/31/2016,2,2,2,2,2,,,,,,2,0,0,0,0,0,0,2,0,0,0,300000,1685000,-0.0005,0.00195,21226000,28799999,-199000,900000,1030000,2535000,,
LSE,DFI,USD,5/17/2017,1/1/2017,12/31/2017,1/1/2016,12/31/2016,9,8,8,8,8,,,,,,3,3,2,0,1,0.21,0.24129,9,0.44421,0.52635,4,456000000,512500000,0.3403,0.38482,11200700195,11561000000,469000000,522183472,671799988,732101501,,
LSE,DFIB,USD,5/17/2017,1/1/2017,12/31/2017,1/1/2016,12/31/2016,9,8,8,8,8,,,,,,3,3,2,0,1,0.21,0.24129,9,0.44421,0.52635,4,456000000,512500000,0.3403,0.38482,11200700195,11561000000,469000000,522183472,671799988,732101501,,
LSE,HKLB,USD,5/17/2017,1/1/2017,12/31/2017,1/1/2016,12/31/2016,14,12,13,13,13,,,,,,5,2,3,1,3,0.19,0.19,14,0.41084,0.28772,4,970599976,995861023,0.3603,0.3885,1993900024,2074444824,847799988,918400024,973700012,998960999,,
LSE,JARB,USD,5/17/2017,1/1/2017,12/31/2017,1/1/2016,12/31/2016,8,7,7,7,7,,,,,,0,1,5,0,3,1.5,1.57,8,6.24086,6.75052,3,3146000000,3266879883,3.71,4.07238,37051000000,39210601563,2503000000,1533589966,4091000000,4201390137,,
LSE,JARJ,USD,5/17/2017,1/1/2017,12/31/2017,1/1/2016,12/31/2016,8,7,7,7,7,,,,,,0,1,5,0,3,1.5,1.57,8,6.24086,6.75052,3,3146000000,3266879883,3.71,4.07238,37051000000,39210601563,2503000000,1533589966,4091000000,4201390137,,
LSE,JDSB,USD,5/17/2017,1/1/2017,12/31/2017,1/1/2016,12/31/2016,7,6,6,6,6,,,,,,1,1,5,0,0,0.3,0.315,7,3.95673,4.37225,3,2866000000,3008879883,2.45,2.76,29552000000,31591699219,2741000000,1638034912,3750000000,3893000000,,
LSE,MDOB,USD,5/17/2017,1/1/2017,12/31/2017,1/1/2016,12/31/2016,2,1,1,1,1,,,,,,0,0,0,0,2,0.04,0.04,2,0,0,0,68000000,70000000,0.0456,0.05106,597400024,610000000,55200001,58000000,129000000,130000000,,
LSE,MDOJ,USD,5/17/2017,1/1/2017,12/31/2017,1/1/2016,12/31/2016,2,1,1,1,1,,,,,,0,0,0,0,2,0.04,0.04,2,0,0,0,68000000,70000000,0.0456,0.05106,597400024,610000000,55200001,58000000,129000000,130000000,,
LSE,NMBA,USD,5/17/2017,1/1/2017,12/31/2017,1/1/2016,12/31/2016,1,1,1,0,0,,,,,,0,0,1,0,0,0,0,1,0,0,0,0,0,0.01,0.01,38707401,39610001,5060000,4340000,0,0,,
LSE,AVN,GBP,5/17/2017,7/1/2016,6/30/2017,7/1/2015,6/30/2016,3,4,3,3,3,,,,,,1,0,1,0,0,0,0,3,-0.41097,-0.32321,1,-29759750,-34308578,-0.39885,-0.60768,67028145,67934616,-56018703,-86145874,5024084,6573143,,
LSE,FREE,GBP,5/17/2017,4/1/2017,3/31/2018,4/1/2016,3/31/2017,1,1,0,1,1,,,,,,0,0,0,0,0,0,0,1,0,0,0,-1655140,-265210,-0.04393,-0.00615,7618420,10252300,0,0,-864028,930462,,
LSE,VGAS,GBP,3/19/2017,1/1/2017,12/31/2017,1/1/2016,12/31/2016,1,1,1,0,1,,,,,,1,0,0,0,0,0,0,1,0,0,0,0,0,0.02638,0.04448,25416201,31770201,2171640,3619400,6193190,8284400,,
LSE,CINE,GBP,5/17/2017,1/1/2017,12/31/2017,1/1/2016,12/31/2016,12,10,7,9,10,,,,,,7,1,3,0,1,0.19,0.209,11,0.56386,0.577,4,117000000,133300003,0.347,0.37874,797799988,882349976,82000000,100540001,175800003,195750000,,
LSE,SLN,GBP,3/19/2017,1/1/2017,12/31/2017,1/1/2016,12/31/2016,1,1,0,1,1,,,,,,1,0,0,0,0,0,0,0,0,0,0,0,-13900000,0,-0.1701,0,0,0,0,0,-13600000,,
LSE,ZIN,GBP,4/16/2017,7/1/2016,6/30/2017,7/1/2015,6/30/2016,1,1,0,1,1,,,,,,0,0,0,0,0,0,0,1,0,0,0,590000,1508100,0.0028,0.00298,22622000,32221298,-6371000,0,690000,1608100,,
LSE,HL.,GBP,5/17/2017,7/1/2016,6/30/2017,7/1/2015,6/30/2016,14,12,9,10,6,,,,,,2,2,6,2,3,0.34,0.39495,12,0.37347,0.45829,4,217226501,255401001,0.373,0.434,326536011,370876495,176895004,206000000,223000000,264548492,,
LSE,HFG,GBP,5/17/2017,1/1/2017,12/31/2017,1/1/2016,12/31/2016,4,4,3,3,4,,,,,,3,1,0,0,0,0.171,0.1855,4,0.42861,0.25917,1,32750000,36400002,0.332,0.3625,1234489990,1301500000,24649000,26799999,54000000,57599998,,
LSE,SGRO,GBP,5/17/2017,1/1/2017,12/31/2017,1/1/2016,12/31/2016,19,11,12,13,10,,,,,,7,1,7,1,3,0.15679,0.16412,18,0.22268,0.17947,6,237100006,258661011,0.18834,0.18915,283500000,330299988,418700012,329532501,223199997,258672485,,
LSE,ARTA,GBP,5/22/2016,7/1/2015,6/30/2016,7/1/2014,6/30/2015,0,0,0,0,0,,,,,,0,0,0,0,0,0,0,0,0,0,0,0,0,-0.00194,0,5482401,0,-441400,0,143312,0,,
LSE,TYR,GBP,5/17/2017,1/1/2017,12/31/2017,1/1/2016,12/31/2016,1,1,1,1,1,,,,,,0,0,0,0,0,0,0,0,0,0,0,-1772330,-849421,-0.00809,-0.00209,5840650,6100380,-1844370,-849421,-1675230,-714286,,
LSE,DUPD,GBP,3/19/2017,1/1/2017,12/31/2017,1/1/2016,12/31/2016,0,0,0,0,0,,,,,,1,0,0,0,0,0,0,0,0,0,0,0,0,0,0,0,0,0,0,0,0,,
LSE,BOK,GBP,5/17/2017,4/1/2017,3/31/2018,4/1/2016,3/31/2017,5,5,4,4,5,,,,,,3,0,1,0,1,0.0508,0.0802,5,0.10138,0.10822,2,175402496,197658997,0.0804,0.09,5325930176,5434140137,144880493,162359009,201000000,219908997,,
LSE,OGN,EUR,5/17/2017,8/1/2016,7/31/2017,8/1/2015,7/31/2016,4,4,1,3,4,,,,,,2,0,1,0,0,0.21,0.21,4,0,0,0,68606003,68919098,0.44529,0.44902,1521250000,1543215088,57799999,50299999,75586502,75421600,,
LSE,PVCS,GBP,3/19/2017,1/1/2017,12/31/2017,1/1/2016,12/31/2016,1,1,0,0,1,,,,,,0,0,1,0,0,0,0,1,0.04252,-0.00054,1,0,0,-0.00267,-0.00271,43174099,43174099,0,0,260642,252234,,
LSE,PRES,GBP,3/26/2017,10/1/2016,9/30/2017,10/1/2015,9/30/2016,1,1,1,1,0,,,,,,1,0,0,0,0,0,0.01,1,0,0,0,-400000,2100000,-0.071,0.091,35752998,49599998,-688000,-500000,0,0,,
LSE,SVCA,GBP,5/17/2017,10/1/2016,9/30/2017,10/1/2015,9/30/2016,1,1,0,0,1,,,,,,0,0,0,0,0,0.004,0.004,1,0,0,0,3600000,0,0.0222,0.024,69234001,79000000,2674000,0,3900000,4300000,,
LSE,MWG,GBP,5/17/2017,1/1/2017,12/31/2017,1/1/2016,12/31/2016,1,1,0,1,1,,,,,,1,0,0,0,0,0,0,1,0,0,0,-3000000,-1900000,-0.0264,-0.024,3629000,5400000,-2102000,0,-2500000,-1500000,,
LSE,FXPO,GBP,5/17/2017,1/1/2017,12/31/2017,1/1/2016,12/31/2016,10,10,8,8,10,,,,,,4,0,3,1,3,0.01214,0.05326,9,0.45909,0.54932,3,259174988,393343994,0.27119,0.48796,798223022,971265503,153117004,280167999,303484009,416221985,,
LSE,TCG,GBP,5/17/2017,10/1/2016,9/30/2017,10/1/2015,9/30/2016,11,9,6,8,8,,,,,,3,0,5,2,1,0.005,0.00725,10,0.21185,0.21438,1,308000000,325000000,0.085,0.0987,7812000000,8043000000,9000000,69000000,512000000,536000000,,
LSE,VIP,GBP,5/17/2017,1/1/2017,12/31/2017,1/1/2016,12/31/2016,1,1,0,1,1,,,,,,0,0,0,0,0,0,0,1,0,0,0,-552998,211189,-0.24066,0.00812,6748030,8869940,0,0,-498861,236532,,
LSE,AMER,GBP,5/17/2017,1/1/2017,12/31/2017,1/1/2016,12/31/2016,10,8,6,6,8,,,,,,8,1,2,0,0,0,0,6,0,0.03145,4,-22417299,19940849,-0.01942,0.01552,38177399,88168106,-23026699,14947401,-930681,37461952,,
LSE,MNDI,GBP,5/17/2017,1/1/2017,12/31/2017,1/1/2016,12/31/2016,12,11,10,11,11,,,,,,7,0,5,0,0,0.48655,0.52968,12,2.1666,2.16337,5,837380005,889559998,1.1754,1.28141,5686669922,5969500000,544596008,616400513,1166010010,1223770020,,
LSE,UBI,GBP,11/29/2015,1/1/2015,12/31/2015,1/1/2014,12/31/2014,1,1,0,1,1,,,,,,0,0,0,0,0,0,0,0,0,0,0,0,-2800000,-0.035,-0.095,35050999,27799999,-4085000,0,2000000,200000,,
LSE,SNN,GBP,5/17/2017,1/1/2017,12/31/2017,1/1/2016,12/31/2016,3,3,3,3,3,,,,,,3,0,0,0,0,0.096,0.128,3,0.168,0.21564,2,21450001,28299999,0.174,0.23985,63847000,109500000,12948000,19100000,23850000,43299999,,
LSE,TW.,GBP,5/17/2017,1/1/2017,12/31/2017,1/1/2016,12/31/2016,14,13,10,13,13,,,,,,8,0,5,1,0,0.1091,0.138,11,0.16409,0.14746,5,763099976,827099976,0.18,0.194,3676199951,3898000000,589299988,638000000,766400024,821000000,,
LSE,BZT,GBP,5/17/2017,7/1/2016,6/30/2017,7/1/2015,6/30/2016,0,0,0,0,0,,,,,,1,0,0,0,0,0,0,0,0,0,0,-573278381,0,-0.084,0,0,0,-7287113770,0,0,0,,
LSE,ULS,GBP,5/17/2017,4/1/2017,3/31/2018,4/1/2016,3/31/2017,1,1,0,0,0,,,,,,1,0,0,0,0,0.022,0.023,1,0,0,0,0,0,0.053,0.062,22299999,28100000,0,0,0,0,,
LSE,EWG,GBP,3/27/2016,1/1/2016,12/31/2016,1/1/2015,12/31/2015,1,1,0,0,0,,,,,,0,0,0,0,0,0,0.015,1,0,0,0,0,0,0.008,0.068,8200000,10200000,0,0,0,0,,
LSE,PPH,GBP,5/17/2017,1/1/2017,12/31/2017,1/1/2016,12/31/2016,4,4,4,4,4,,,,,,1,0,0,0,0,0.21,0.22,4,0,0,0,68800003,74123299,0.68,0.746,272470001,311399994,35117001,31900000,94099998,102349998,,
LSE,IPF,GBP,5/17/2017,1/1/2017,12/31/2017,1/1/2016,12/31/2016,5,3,1,2,0,,,,,,2,0,0,0,1,0.124,0.124,5,0,0,0,92049896,102664001,0.302,0.28479,763400024,789900024,66900002,64949097,0,0,,
LSE,NXR,GBP,5/17/2017,4/1/2017,3/31/2018,4/1/2016,3/31/2017,2,2,1,2,1,,,,,,1,0,0,0,0,0.072,0.075,1,0,0,0,24200001,25500000,0.255,0.2725,265049988,274000000,12400000,12900000,31400000,32900002,,
LSE,VLG,GBP,5/17/2017,1/1/2017,12/31/2017,1/1/2016,12/31/2016,2,3,1,2,2,,,,,,1,0,0,0,0,0.0004,0.0002,2,0,0,0,-285000,1271000,-0.0128,0.012,14280000,16500000,-1369000,53000,795000,2170000,,
LSE,SUMM,GBP,5/17/2017,2/1/2017,1/31/2018,2/1/2016,1/31/2017,4,4,2,2,1,,,,,,4,0,0,0,0,0,0,1,0,0,0,-25588396,-22404953,-0.35,-0.315,2303994,4656913,-21370939,-20714970,-25531342,14973534,,
LSE,REC,GBP,5/17/2017,4/1/2017,3/31/2018,4/1/2016,3/31/2017,2,2,1,2,2,,,,,,1,0,0,0,0,0.01625,0.01625,2,0,0,0,7689000,8493000,0.028,0.0311,22820499,24353500,6257000,6740000,7849500,8703500,,
LSE,MONY,GBP,5/17/2017,1/1/2017,12/31/2017,1/1/2016,12/31/2016,11,9,8,9,9,,,,,,6,1,4,0,0,0.0985,0.1075,10,0.16466,0.19358,2,98709000,113849998,0.156,0.17,316411011,345200012,85900002,92350006,120800003,132809998,,
LSE,ARW,GBP,5/17/2017,1/1/2017,12/31/2017,1/1/2016,12/31/2016,7,6,5,6,5,,,,,,7,0,0,0,0,0.091,0.1171,7,0.00259,0.00331,1,100054001,119187500,0.26,0.3354,235929993,284697510,26305000,39778000,160160995,256822998,,
LSE,SEPU,GBP,11/13/2016,4/1/2016,3/31/2017,4/1/2015,3/31/2016,1,1,1,1,1,,,,,,0,0,0,0,0,0,0,1,0,0,0,0,4693560,0.0484,0.00085,139830002,136539993,-7998180,-3328160,0,9366610,,
LSE,NAK,GBP,2/14/2016,4/1/2015,3/31/2016,4/1/2014,3/31/2015,1,1,0,0,0,,,,,,1,0,0,0,0,0,0,1,0,0,0,0,0,0.0019,0.0039,21715000,23700001,244000,0,0,0,,
LSE,AIR,GBP,5/17/2017,2/1/2017,1/31/2018,2/1/2016,1/31/2017,2,2,2,2,2,,,,,,2,0,0,0,0,0.052,0.0545,2,0,0,0,5107000,5762500,0.064,0.078,42537998,45350502,2847000,3855000,5747000,6462500,,
LSE,WRL,NOK,5/17/2017,1/1/2017,12/31/2017,1/1/2016,12/31/2016,4,5,4,3,5,,,,,,6,1,1,0,0,0,0,5,0,0.25884,1,-12911492,-9720679,-0.25823,0.07972,101140465,114410706,-43830345,-4965766,20572363,26409201,,
LSE,SIHL,USD,6/12/2016,1/1/2016,12/31/2016,1/1/2015,12/31/2015,1,1,0,0,0,,,,,,1,0,0,0,0,0,0,1,0,0,0,0,0,0.02761,-0.0019,9000000,9400000,15467000,0,0,0,,
LSE,OCL,GBP,5/17/2017,1/1/2017,12/31/2017,1/1/2016,12/31/2016,1,0,0,0,0,,,,,,1,0,0,0,0,0,0,1,0,0,0,0,0,0.35,0.27853,71250999,0,66677002,0,0,0,,
LSE,MERL,GBP,5/17/2017,1/1/2017,12/31/2017,1/1/2016,12/31/2016,14,12,10,11,12,,,,,,7,1,5,0,1,0.071,0.0786,13,0.36279,0.37969,5,320000000,350000000,0.207,0.2216,1457000000,1630235107,211000000,227000000,451000000,498796021,,
LSE,FRP,GBP,1/29/2017,1/1/2017,12/31/2017,1/1/2016,12/31/2016,1,0,0,1,1,,,,,,0,0,0,0,0,0,0,0,0,0,0,8670000,9640000,0.14,0.152,0,0,0,0,9360000,10400000,,
LSE,BOD,GBP,3/6/2016,7/1/2015,6/30/2016,7/1/2014,6/30/2015,0,0,0,0,0,,,,,,1,0,0,0,0,0,0,1,0,0,0,0,0,-0.00105,0,0,0,0,0,-219372,0,,
LSE,HUW,GBP,5/17/2017,1/1/2017,12/31/2017,1/1/2016,12/31/2016,1,1,0,0,0,,,,,,1,0,0,0,0,0.045,0.032,1,0,0,0,0,0,0.079,0.061,2350000,2340000,0,0,0,0,,
LSE,NXG,GBP,5/17/2017,4/1/2017,3/31/2018,4/1/2016,3/31/2017,9,6,6,7,7,,,,,,4,0,5,0,0,0.24475,0.13992,8,0.5218,0.38338,3,157000000,193283997,0.259,0.3,532799988,567400024,144600006,102300003,186216995,211000000,,
LSE,GAN,GBP,5/17/2017,1/1/2017,12/31/2017,1/1/2016,12/31/2016,1,1,0,1,1,,,,,,0,0,1,0,0,0,0,1,0,0,0,-4900470,-3270230,-0.03073,-0.00488,7994320,9912820,0,0,-1614470,15761,,
LSE,ITX,GBP,5/17/2017,1/1/2017,12/31/2017,1/1/2016,12/31/2016,1,2,0,1,1,,,,,,0,0,0,0,0,0,0,1,0,0,0,-4961500,-4570000,-0.082,-0.05301,285000,1400000,-5716000,0,-4759500,-4290000,,
LSE,URU,GBP,5/10/2015,4/1/2015,3/31/2016,4/1/2014,3/31/2015,0,0,0,0,0,,,,,,1,0,0,0,0,0,0,1,0,0,0,0,0,0,0,0,0,0,0,0,0,,
LSE,CRW,GBP,5/17/2017,7/1/2016,6/30/2017,7/1/2015,6/30/2016,4,5,1,4,4,,,,,,3,0,1,0,0,0.1726,0.18343,4,0.00351,0.00322,1,10728510,13583283,0.31497,0.38808,37115391,47070000,7874159,8815445,11897983,14854347,,
LSE,ACA,GBP,5/17/2017,1/1/2017,12/31/2017,1/1/2016,12/31/2016,18,14,14,12,16,,,,,,7,1,9,1,1,0.08093,0.07935,16,0.63125,0.75091,8,203940994,237666992,0.31724,0.35834,852612000,869249512,76837303,153471497,336012024,362772522,,
LSE,GYM,GBP,5/17/2017,1/1/2017,12/31/2017,1/1/2016,12/31/2016,5,4,2,3,4,,,,,,4,0,0,0,1,0.01,0.01144,4,0.19238,0.20517,2,9701710,13000000,0.056,0.0753,73539001,90259048,5703000,9670139,22850000,28650002,,
LSE,ZEG,GBP,5/17/2017,1/1/2017,12/31/2017,1/1/2016,12/31/2016,3,3,3,3,3,,,,,,2,0,1,0,0,0.04695,0.04726,3,0.20573,0.23788,1,2560790,15477100,-0.0239,0.02502,120184998,123661003,-4684550,4905650,53862049,57208000,,
LSE,STOB,GBP,5/17/2017,3/1/2017,2/28/2018,2/29/2016,2/28/2017,2,2,1,1,2,,,,,,2,0,0,0,0,0.115,0.15,2,0,0,0,13400000,23000000,0.0804,0.061,129403000,299850006,-9184000,19299999,35000000,38050003,,
LSE,ETX,GBP,5/17/2017,2/1/2017,1/31/2018,2/1/2016,1/31/2017,1,1,1,1,1,,,,,,0,0,0,0,0,0,0,1,0,0,0,-13525000,-8975000,-0.0492,-0.026,0,0,-13125000,-7315000,-13469000,-8895000,,
LSE,CSRT,GBP,5/17/2017,5/1/2017,4/30/2018,5/1/2016,4/30/2017,5,4,2,4,3,,,,,,3,0,2,0,0,0.203,0.213,5,0,0,0,39700001,41719398,0.581,0.61042,292549988,303600006,24049999,25850000,53322849,57799999,,
LSE,CVSG,GBP,5/17/2017,7/1/2016,6/30/2017,7/1/2015,6/30/2016,4,4,3,4,4,,,,,,3,0,0,0,0,0.035,0.04,4,0.27689,0.47882,2,27604000,36159348,0.317,0.4132,218100006,269299988,7000000,16400000,32919201,42207703,,
LSE,TSTR,GBP,11/15/2015,1/1/2015,12/31/2015,1/1/2014,12/31/2014,1,1,1,1,1,,,,,,0,0,0,0,0,0,0,0,0,0,0,0,-943000,-0.0003,-0.0001,0,0,-2439000,-988000,0,-943000,,
LSE,EAH,GBP,4/23/2017,4/1/2017,3/31/2018,4/1/2016,3/31/2017,1,1,0,1,1,,,,,,0,0,0,0,0,0.0627,0.06897,1,0,0,0,8580970,10646600,0.10547,0.12896,52677700,59000900,0,0,12529100,14882300,,
LSE,RRL,AUD,5/7/2017,7/1/2016,6/30/2017,7/1/2015,6/30/2016,0,0,0,0,0,,,,,,1,0,0,0,0,0,0,0,0,0,0,-49362820,0,-0.008,0,9472346,0,-58568420,0,-49362820,0,,
LSE,BOOM,GBP,3/26/2017,12/1/2016,11/30/2017,12/1/2015,11/30/2016,1,1,0,1,1,,,,,,1,0,0,0,0,0,0,1,0,0,0,-4227230,-2342110,-0.00779,-0.00424,1025530,5275770,0,0,-4187230,-2262110,,
LSE,IMO,GBP,5/17/2017,4/1/2017,3/31/2018,4/1/2016,3/31/2017,1,1,1,1,1,,,,,,1,0,0,0,0,0,0,1,0,0,0,8900000,9800000,0.106,0.116,75500000,93000000,2500000,3300000,11500000,12900000,,
LSE,CGH,GBP,5/17/2017,1/1/2017,12/31/2017,1/1/2016,12/31/2016,1,1,1,1,1,,,,,,1,0,0,0,0,0,0,1,-0.01619,-0.008,1,-3237160,-3198840,-0.00809,-0.008,0,0,-3237160,-3198840,-3237160,-3198840,,
LSE,CRND,GBP,7/24/2016,1/1/2016,12/31/2016,1/1/2015,12/31/2015,1,1,1,1,1,,,,,,0,0,0,0,0,0,0,1,0,0,0,-2591760,-2572820,-0.01513,-0.02313,5490870,3708500,978357,-3048340,-2279660,-2250340,,
LSE,TRCS,GBP,5/17/2017,8/1/2016,7/31/2017,8/1/2015,7/31/2016,1,1,1,1,1,,,,,,1,0,0,0,0,0.012,0.0144,1,0,0,0,6700000,7400000,0.2237,0.2222,32640999,33938999,3533000,3800000,7400000,8200000,,
LSE,PLA,GBP,5/17/2017,4/1/2017,3/31/2018,4/1/2016,3/31/2017,2,2,1,1,1,,,,,,1,0,0,0,0,0.045,0.046,2,0,0,0,3600000,4900000,0.115,0.1245,65599998,75400002,2700000,3600000,6900000,7900000,,
LSE,CZA,AUD,4/23/2017,7/1/2016,6/30/2017,7/1/2015,6/30/2016,1,0,0,0,1,,,,,,1,0,0,0,0,0,0,1,-0.00009,-0.00008,1,-20692558,0,-0.01555,-0.00872,0,0,-29365543,0,-19125748,-15910778,,
LSE,SOPH,GBP,5/17/2017,4/1/2017,3/31/2018,4/1/2016,3/31/2017,9,8,6,6,4,,,,,,8,1,0,0,0,0.03391,0.03423,7,0.06434,0.10113,1,30480400,43161049,0.04856,0.07533,434022491,497535492,-34530403,-5985185,120502502,137492004,,
LSE,PURE,GBP,5/17/2017,7/1/2016,6/30/2017,7/1/2015,6/30/2016,3,3,3,3,3,,,,,,1,1,1,0,0,0,0,2,0.07912,0.0761,1,17848961,14546715,0.06462,0.02815,107042107,105546867,11272388,4913270,26545675,20077829,,
LSE,RQIH,GBP,5/17/2017,1/1/2017,12/31/2017,1/1/2016,12/31/2016,1,0,0,0,0,,,,,,0,1,0,0,0,0.084,0.084,1,0,0,0,0,0,0.117,0.116,87797997,0,8414000,0,0,0,,
LSE,JIL,GBP,1/15/2017,1/1/2017,12/31/2017,1/1/2016,12/31/2016,1,1,0,0,1,,,,,,0,0,1,0,0,0.24928,0.0779,1,0.41732,0.07651,1,0,0,0.08437,0.01406,51413799,10905900,0,0,9347980,1557990,,
LSE,IGAS,GBP,5/17/2017,1/1/2017,12/31/2017,1/1/2016,12/31/2016,1,2,2,2,1,,,,,,1,0,1,0,0,0,0,0,0,0.0004,1,-5000000,4342500,-0.1099,-0.0196,30471001,39613503,-32910999,-6239000,10716700,16601999,,
LSE,BME,GBP,5/17/2017,4/1/2017,3/31/2018,4/1/2016,3/31/2017,14,12,11,11,12,,,,,,10,1,3,0,0,0.059,0.0663,10,0.12193,0.15915,4,207886993,229300003,0.14793,0.165,2422175049,2750100098,149250000,162699997,234412994,260450012,,
LSE,ANCR,GBP,5/17/2017,7/1/2016,6/30/2017,7/1/2015,6/30/2016,1,1,1,1,1,,,,,,1,0,0,0,0,0.065,0.066,1,0,0,0,3560000,4150000,0.128,0.149,14701000,15900000,2634000,3170000,3630000,4380000,,
LSE,SFE,GBP,5/17/2017,1/1/2017,12/31/2017,1/1/2016,12/31/2016,3,3,2,3,3,,,,,,1,0,1,0,0,0.113,0.12,3,0,0,0,20440001,21500000,0.189,0.20926,163115997,174587997,15556000,17349998,21600000,23000000,,
LSE,IDP,GBP,5/17/2017,7/1/2016,6/30/2017,7/1/2015,6/30/2016,1,1,1,1,0,,,,,,0,0,0,0,0,0,0,0,0,0,0,242000,699000,0.018,0.0492,5243371,6954000,153594,549000,0,0,,
LSE,MIRA,GBP,5/1/2016,4/1/2016,3/31/2017,4/1/2015,3/31/2016,1,1,0,1,1,,,,,,1,0,0,0,0,0,0,0,0,0,0,-100000,900000,-0.0045,0.0033,5900000,7400000,0,0,1600000,2800000,,
LSE,BMR,GBP,7/3/2016,7/1/2015,6/30/2016,7/1/2015,6/30/2016,0,0,0,0,0,,,,,,0,0,0,0,0,0,0,0,0,0,0,0,0,0,0,0,0,0,0,0,0,,
LSE,W7L,GBP,5/17/2017,1/1/2017,12/31/2017,1/1/2016,12/31/2016,1,1,1,1,1,,,,,,1,0,0,0,0,0.015,0.04,1,0,0,0,6757000,7567000,0.0864,0.094,26968000,31886999,3141000,6054000,6880000,7930000,,
LSE,OBD,GBP,5/17/2017,10/1/2016,9/30/2017,10/1/2015,9/30/2016,1,1,1,1,1,,,,,,1,0,0,0,0,0,0,1,0,0,0,-2300000,-2940000,-0.016,-0.044,1091000,1200000,-1730000,-3800000,-1700000,-2800000,,
LSE,CRAW,GBP,5/17/2017,2/1/2017,1/31/2018,2/1/2016,1/31/2017,0,0,0,0,0,,,,,,1,0,0,0,0,0,0,0,0,0,0,0,0,-0.01535,0,44228001,0,-1215000,0,0,0,,
LSE,OBT,GBP,5/17/2017,1/1/2017,12/31/2017,1/1/2016,12/31/2016,1,1,1,1,1,,,,,,1,0,0,0,0,0,0,1,0,0,0,-3300000,-900000,-0.012,-0.007,500000,5400000,-4400000,-2100000,-3000000,-700000,,
LSE,MATD,GBP,9/6/2015,1/1/2015,12/31/2015,1/1/2014,12/31/2014,0,0,0,0,0,,,,,,1,0,0,0,0,0,0,1,0,0,0,0,0,0,0,0,0,0,0,0,0,,
LSE,NWR,GBP,8/14/2016,1/1/2016,12/31/2016,1/1/2015,12/31/2015,0,0,0,0,0,,,,,,0,0,0,0,1,0,0,0,0,0,0,0,0,-0.023,0,464003998,0,-164477997,0,0,0,,
LSE,IPEL,GBP,5/17/2017,1/1/2017,12/31/2017,1/1/2016,12/31/2016,1,1,1,1,1,,,,,,1,0,0,0,0,0.205,0.205,1,0,0,0,64300003,63000000,0.86142,0.948,2140199951,2282800049,44000000,43299999,70099998,70400002,,
LSE,FRES,GBP,5/17/2017,1/1/2017,12/31/2017,1/1/2016,12/31/2016,12,10,10,9,10,,,,,,2,0,7,1,2,0.24279,0.20946,11,0.98618,0.83779,6,547447998,543736023,0.36661,0.41502,1542099976,1716604980,343252991,296302490,835187988,838940002,,
LSE,IOF,GBP,5/17/2017,1/1/2017,12/31/2017,1/1/2016,12/31/2016,1,1,0,0,1,,,,,,0,0,0,0,0,0,0,1,0,0,0,0,0,-0.02671,-0.02319,16914101,18713200,0,0,-404645,0,,
LSE,LRD,GBP,5/17/2017,1/1/2017,12/31/2017,1/1/2016,12/31/2016,6,5,5,5,5,,,,,,2,1,4,0,0,0.03466,0.03293,5,0.16024,0.14533,2,61900002,75628197,0.10475,0.09445,801599976,876000000,-111699997,34500000,96900002,112695999,,
LSE,SHRE,GBP,5/17/2017,1/1/2017,12/31/2017,1/1/2016,12/31/2016,2,2,2,2,2,,,,,,1,0,0,0,0,0.0025,0.0035,2,0,0,0,-823000,-278000,0,0.0016,14610000,16493000,737000,-427500,-608500,232500,,
LSE,MORT,GBP,5/17/2017,4/1/2017,3/31/2018,4/1/2016,3/31/2017,1,1,1,1,1,,,,,,0,0,0,0,0,0,0,1,0,0,0,4550240,5919320,0.04086,0.06065,137578995,165365005,2104150,3365420,5440460,7387520,,
LSE,CHAR,GBP,5/17/2017,1/1/2017,12/31/2017,1/1/2016,12/31/2016,3,3,2,3,2,,,,,,0,1,1,0,0,0,0,2,-0.05289,-0.02921,2,-5262410,-3681880,-0.02428,-0.01721,0,0,-5529070,-7362220,-5278190,-3606005,,
LSE,RTC,GBP,2/5/2017,1/1/2017,12/31/2017,1/1/2016,12/31/2016,1,1,0,0,1,,,,,,1,0,0,0,0,0.03,0.03,1,0,0,0,0,0,0.062,0.077,68000000,70400002,0,0,1400000,1700000,,
LSE,RLM,GBP,5/17/2017,1/1/2017,12/31/2017,1/1/2016,12/31/2016,1,1,0,1,1,,,,,,0,0,0,0,0,0,0,1,0,0,0,-6082550,-14270400,-0.12139,-0.28429,701604,704164,-410505,0,-5738600,-13943800,,
LSE,OPG,GBP,5/17/2017,4/1/2017,3/31/2018,4/1/2016,3/31/2017,1,1,1,1,1,,,,,,2,0,0,0,0,0.00833,0.00985,1,0.09485,0.112,1,57645000,66178001,0.061,0.07508,204511993,216080002,21440001,26391001,69544998,79156998,,
LSE,INDI,GBP,5/17/2017,4/1/2017,3/31/2018,4/1/2016,3/31/2017,1,1,0,1,1,,,,,,1,0,0,0,0,0,0,0,0,0,0,33099899,39624599,0.16833,0.20239,43620701,56063900,0,0,39493301,50325600,,
LSE,CAD,GBP,3/26/2017,1/1/2017,12/31/2017,1/1/2016,12/31/2016,1,1,1,1,1,,,,,,1,0,0,0,0,0,0,1,0,0,0,-3000000,-3300000,0.002,-0.014,24700001,25200001,500000,-3300000,-2900000,-3300000,,
LSE,ECSC,GBP,5/17/2017,1/1/2017,12/31/2017,1/1/2016,12/31/2016,1,1,1,1,1,,,,,,1,0,0,0,0,0,0,1,0,0,0,453000,-1964000,0.11,-0.175,4510410,5962000,-399006,-1571000,600000,-1700000,,
LSE,IWG,GBP,5/17/2017,1/1/2017,12/31/2017,1/1/2016,12/31/2016,8,7,4,5,6,,,,,,7,0,1,0,1,0.051,0.057,8,0.21004,0.20747,2,186199997,224000000,0.148,0.1825,2233399902,2424399902,138800003,173200012,380700500,432248474,,
LSE,BILN,GBP,5/17/2017,1/1/2017,12/31/2017,1/1/2016,12/31/2016,1,1,1,1,1,,,,,,1,0,0,0,0,0.1,0.101,1,0,0,0,3800000,3900000,0.254,0.262,63334000,65500000,2971000,3100000,5100000,5300000,,
LSE,TRIN,GBP,5/17/2017,1/1/2017,12/31/2017,1/1/2016,12/31/2016,1,1,1,1,1,,,,,,1,0,0,0,0,0,0,0,0,0,0,-1151620,2324810,-0.05665,0,28567900,38724800,-4668790,197630,1052070,9430480,,
LSE,IMB,GBP,5/17/2017,10/1/2016,9/30/2017,10/1/2015,9/30/2016,16,14,13,13,13,,,,,,11,0,5,1,1,1.552,1.7072,14,2.71855,2.62973,6,3541000000,3814300049,2.496,2.704,7976000000,8566450195,2381000000,2582979980,3766500000,4002429932,,
LSE,ALTN,GBP,5/17/2017,1/1/2017,12/31/2017,1/1/2016,12/31/2016,1,1,1,1,1,,,,,,1,0,0,0,0,0,0,0,0,0,0,-3400640,13180000,-0.00243,0.03199,12841000,48647999,-5143850,8608100,-1215550,19278601,,
LSE,THAL,GBP,5/17/2017,1/1/2017,12/31/2017,1/1/2016,12/31/2016,1,1,0,0,1,,,,,,1,0,0,0,0,0,0,1,0,0,0,0,0,0.10521,-0.03197,11320200,11989900,1593150,0,1861360,1278920,,
LSE,DIS,GBP,4/30/2017,4/1/2017,3/31/2018,4/1/2016,3/31/2017,1,1,0,1,1,,,,,,0,0,0,0,0,0,0,1,0,0,0,-40000,100000,-0.0001,0.0002,1650000,2060000,0,0,-40000,100000,,
LSE,BGEO,GBP,5/17/2017,1/1/2017,12/31/2017,1/1/2016,12/31/2016,10,6,7,3,0,,,,,,3,1,7,0,0,0.7897,1.11543,9,0,0,0,211806000,267595001,3.06464,3.84402,308220001,334698975,121047997,146598999,0,0,,
LSE,ESP,GBP,5/17/2017,1/1/2017,12/31/2017,1/1/2016,12/31/2016,2,1,1,2,1,,,,,,1,0,1,0,0,0,0.0615,2,0,0,0,0,32099998,0.0189,0.0551,21600000,43299999,28121000,57700001,0,35000000,,
LSE,CPT,GBP,2/19/2017,1/1/2017,12/31/2017,1/1/2016,12/31/2016,0,1,0,0,0,,,,,,0,0,0,0,0,0,0,0,0,0,0,0,0,0,0,0,2700000,0,0,0,0,,
LSE,BPC,GBP,5/17/2017,1/1/2017,12/31/2017,1/1/2016,12/31/2016,0,0,0,0,0,,,,,,1,0,0,0,0,0,0,0,0,0,0,0,0,0,0,0,0,0,0,0,0,,
LSE,TCAP,GBP,5/17/2017,1/1/2017,12/31/2017,1/1/2016,12/31/2016,7,6,4,6,6,,,,,,3,1,2,0,1,0.16875,0.169,6,0.37828,0.39574,4,131470001,264092499,0.41,0.33,891500000,1743550049,103000000,176832504,145848007,293942505,,
LSE,SRSP,GBP,3/26/2017,1/1/2017,12/31/2017,1/1/2016,12/31/2016,1,1,1,1,1,,,,,,1,0,0,0,0,0,0,1,0,0,0,-1970980,-4966880,-0.00079,-0.00236,0,7253230,-2286340,-5282240,-1970980,-4966880,,
LSE,EBQ,GBP,5/17/2017,1/1/2017,12/31/2017,1/1/2016,12/31/2016,2,2,1,2,2,,,,,,1,0,0,0,0,0.00675,0.007,2,0,0,0,12979500,13366500,0.1126,0.103,83569000,91630501,4150000,4308000,14574000,11691500,,
LSE,SLE,GBP,1/17/2016,1/1/2015,12/31/2015,1/1/2015,12/31/2015,0,0,0,0,0,,,,,,0,0,0,0,0,0,0,0,0,0,0,0,0,0,0,0,0,0,0,0,0,,
LSE,STVG,GBP,5/17/2017,1/1/2017,12/31/2017,1/1/2016,12/31/2016,3,3,1,3,3,,,,,,3,0,0,0,0,0.15,0.17,3,0.09368,0.26297,1,19977850,20600000,0.39,0.408,120400002,124800003,12600000,16200001,22350349,23400000,,
LSE,HGG,GBP,5/17/2017,1/1/2017,12/31/2017,1/1/2016,12/31/2016,17,15,10,16,14,,,,,,1,0,15,0,0,0.105,0.11,17,0.14569,0.18326,4,214799850,226548752,0.152,0.164,594697937,623998657,109599792,146089294,221999542,231875305,,
LSE,BOCH,EUR,5/17/2017,1/1/2017,12/31/2017,1/1/2016,12/31/2016,2,2,2,2,0,,,,,,1,0,1,0,0,0,0,0,0,0,0,547500000,521500000,0.14,0.24827,951000000,918344971,64199997,110040001,0,0,,
LSE,JPJ,GBP,5/17/2017,1/1/2017,12/31/2017,1/1/2016,12/31/2016,4,4,4,3,4,,,,,,3,0,0,0,0,0,0,3,2.05806,1.61746,1,49987598,49479801,1.13,0.9465,269000000,293150024,-40599998,7650000,102199997,103800003,,
LSE,DGOC,GBP,5/17/2017,1/1/2017,12/31/2017,1/1/2016,12/31/2016,1,1,1,0,1,,,,,,2,0,0,0,0,0,0,0,0,0,0,0,0,-0.03561,0.01753,15052800,25101601,29296301,5737500,3722730,9642200,,
LSE,PEB,GBP,4/30/2017,1/1/2017,12/31/2017,1/1/2016,12/31/2016,1,1,0,0,0,,,,,,0,0,0,0,0,0,0,1,0,0,0,0,0,-0.01,0.013,42599998,46099998,-55313999,0,0,0,,
LSE,NAUT,GBP,12/27/2015,1/1/2015,12/31/2015,1/1/2014,12/31/2014,0,0,0,0,0,,,,,,1,0,0,0,0,0,0,1,0,0,0,0,0,-0.06635,0,441879,0,-14197200,0,0,0,,
LSE,XAF,GBP,5/17/2017,4/1/2017,3/31/2018,4/1/2016,3/31/2017,2,2,1,1,2,,,,,,0,0,0,0,0,0.007,0.0615,2,0,0,0,16200001,16799999,0.09,0.093,52200001,55349998,4000000,9500000,17375000,18375000,,
LSE,ARIX,GBP,5/17/2017,1/1/2017,12/31/2017,1/1/2016,12/31/2016,0,1,1,1,1,,,,,,0,0,0,0,0,0,0,1,0,0,0,-5086000,-6040000,0,0,5325000,2127000,-12029000,-6927000,-5086000,-6040000,,
LSE,RWI,GBP,5/17/2017,4/1/2017,3/31/2018,4/1/2016,3/31/2017,3,3,1,2,3,,,,,,3,0,0,0,0,0.0305,0.031,3,0.01759,0.06728,1,39563850,75004395,0.04068,0.04964,749000000,1584599976,-13700000,-7100000,78400002,166100006,,
LSE,UPGS,GBP,5/17/2017,8/1/2016,7/31/2017,,,1,1,1,1,1,,,,,,1,0,0,0,0,,0.048,1,,0,0,,7700000,,0.096,,107199997,,5000000,,11000000,,
LSE,TPFG,GBP,5/17/2017,1/1/2017,12/31/2017,1/1/2016,12/31/2016,1,1,1,1,1,,,,,,1,0,0,0,0,0.065,0.081,1,0,0,0,3800000,4900000,0.128,0.149,8301370,11400000,2994340,3600000,3900000,5100000,,
LSE,CASP,GBP,4/30/2017,1/1/2017,12/31/2017,1/1/2016,12/31/2016,0,1,1,0,1,,,,,,1,0,0,0,0,0,0,0,0,0,0,0,0,0,0,1942290,5470590,-1942290,165776,-2104150,165776,,
LSE,SYS1,GBP,5/17/2017,4/1/2017,3/31/2018,4/1/2016,3/31/2017,1,1,0,1,1,,,,,,1,0,0,0,0,0.0545,0.0599,1,0,0,0,6780000,7670000,0.303,0.428,31236000,33810001,3968000,0,7230000,8160000,,
LSE,NGR,GBP,12/27/2015,1/1/2015,12/31/2015,1/1/2014,12/31/2014,1,1,1,1,1,,,,,,1,0,0,0,0,0.001,0.004,1,0,0,0,-1200000,900000,-0.0174,0.0082,17693800,21100000,-2923300,600000,300000,2500000,,
LSE,NANO,GBP,5/17/2017,8/1/2016,7/31/2017,8/1/2015,7/31/2016,2,2,1,1,2,,,,,,1,0,0,0,0,0,0,2,0,-0.04111,1,-12500000,-10200000,-0.0436,-0.03955,474000,1568290,-10607000,-10400000,-11200000,-9346975,,
LSE,NBPE,USD,11/29/2015,1/1/2015,12/31/2015,1/1/2014,12/31/2014,0,0,0,0,0,,,,,,1,0,0,0,0,0,0,0,0,0,0,0,0,-0.0686,0,25280600,0,91675201,0,0,0,,
LSE,HBRN,EUR,5/17/2017,4/1/2017,3/31/2018,4/1/2016,3/31/2017,1,0,1,1,1,,,,,,1,0,1,0,0,0.02171,0.02805,2,0,0,0,101003998,75761497,0.03,0.04,0,0,20825899,29410999,101003998,75761497,,
LSE,SOLO,GBP,3/5/2017,1/1/2017,12/31/2017,1/1/2016,12/31/2016,1,1,1,1,0,,,,,,0,0,0,0,0,0,0,0,0,0,0,-917000,-8110000,-0.0002,-0.0001,565000,1141000,-954000,-8110000,0,0,,
LSE,LXB,GBP,3/5/2017,10/1/2016,9/30/2017,10/1/2015,9/30/2016,1,1,1,1,0,,,,,,0,0,1,0,0,0,0,1,0,0,0,-4900000,-3800000,-0.0889,-0.024,85240700,1600000,-15331900,-4100000,0,0,,
LSE,GLIF,GBP,5/17/2017,1/1/2017,12/31/2017,1/1/2016,12/31/2016,1,1,1,1,0,,,,,,0,0,1,0,0,0.025,0,1,0,0,0,-1000000,-1100000,-0.0649,-0.00641,11950500,10647500,-17593300,-2000000,0,0,,
LSE,WINK,GBP,5/17/2017,1/1/2017,12/31/2017,1/1/2016,12/31/2016,1,1,1,1,1,,,,,,1,0,0,0,0,0.071,0.072,1,0,0,0,1300000,1200000,0.0884,0.083,5566390,5500000,1126020,1100000,1700000,1600000,,
LSE,PPC,GBP,5/17/2017,1/1/2017,12/31/2017,1/1/2016,12/31/2016,3,2,1,1,2,,,,,,2,0,1,0,0,0,0,1,-0.00493,0,3,0,3201790,-0.00926,0,8007900,17098400,0,800448,-9169750,4925535,,
LSE,INFA,GBP,5/15/2016,8/1/2015,7/31/2016,8/1/2014,7/31/2015,0,0,0,0,0,,,,,,1,0,0,0,0,0,0,0,0,0,0,0,0,-0.05,0,414106,0,-6106070,0,0,0,,
LSE,EXI,GBP,9/25/2016,1/1/2016,12/31/2016,1/1/2015,12/31/2015,0,1,1,1,1,,,,,,1,0,0,0,0,0.14,0.081,1,0,0,0,53560600,32609001,0,0,134160004,129779007,44259399,26087500,67450897,46388802,,
LSE,WYG,GBP,5/17/2017,4/1/2017,3/31/2018,4/1/2016,3/31/2017,3,3,1,2,2,,,,,,1,0,0,0,0,0.018,0.02,3,0,0,0,8843460,11217800,0.115,0.136,152000000,161617004,3000000,7100000,11116449,13590799,,
LSE,RICO,JPY,5/17/2017,4/1/2017,3/31/2018,4/1/2016,3/31/2017,13,12,12,13,10,,,,,,0,0,4,1,8,35,20,13,125.26801,125.547,5,33880000000,37000000000,4.81,23.5,2.02889E+12,2.0186E+12,3489000000,17850000000,1.40785E+11,1.26997E+11,,
LSE,STEL,GBP,3/13/2016,7/1/2015,6/30/2016,7/1/2014,6/30/2015,1,1,1,0,1,,,,,,1,0,0,0,0,0,0,0,0,0,0,0,0,-0.13273,-9.03342,407637,709291,-2025380,-1699620,-1331589,-1639390,,
LSE,SGZ,GBP,3/26/2017,7/1/2016,6/30/2017,7/1/2015,6/30/2016,1,1,1,1,1,,,,,,1,0,0,0,0,0,0,0,0,0,0,0,-599997,0,0,0,799998,0,-799998,0,-599997,,
LSE,DGB,GBP,5/17/2017,4/1/2017,3/31/2018,4/1/2016,3/31/2017,1,1,1,1,1,,,,,,0,0,1,0,0,0,0,1,0,0,0,-8900000,-3300000,-0.046,-0.02,32650002,35500000,-9200000,-4900000,-8400000,-2900000,,
LSE,PHNX,GBP,5/17/2017,1/1/2017,12/31/2017,1/1/2016,12/31/2016,7,1,4,4,0,,,,,,3,0,3,0,1,0.46608,0.502,6,0,0,0,351000000,357650024,-0.343,0.437,2300600098,6554000000,-101000000,151000000,0,0,,
LSE,TALK,GBP,5/17/2017,4/1/2017,3/31/2018,4/1/2016,3/31/2017,17,16,10,12,14,,,,,,6,0,6,1,6,0.10295,0.09555,16,0.24472,0.27441,6,173000000,181778000,0.104,0.118,1783000000,1815500000,58000000,119421501,304000000,291000000,,
LSE,EMIS,GBP,5/17/2017,1/1/2017,12/31/2017,1/1/2016,12/31/2016,2,2,0,1,1,,,,,,2,0,0,0,0,0.234,0.249,2,0,0,0,38761200,36823002,0.492,0.46335,158712006,167316010,19101000,0,49611198,47973000,,
LSE,CAMB,GBP,5/17/2017,9/1/2016,8/31/2017,9/1/2015,8/31/2016,2,2,1,2,2,,,,,,0,0,0,0,0,0.009,0.01018,2,0,0,0,11216499,11824850,0.0833,0.08772,614200012,659173950,9260000,8700000,12686501,13855249,,
LSE,MNC,AUD,12/4/2016,1/1/2016,12/31/2016,1/1/2015,12/31/2015,0,0,0,0,0,,,,,,0,1,0,0,0,0,0,0,0,0,0,0,0,-0.0204,0,4445,0,-49070702,0,0,0,,
LSE,ENQ,GBP,5/17/2017,1/1/2017,12/31/2017,1/1/2016,12/31/2016,10,8,7,8,8,,,,,,5,0,3,0,4,0,0,6,0.33448,0.33023,6,279204987,123150002,0.11735,0.01562,645913025,766536011,149889999,17656000,355993011,418104980,,
LSE,KIBO,GBP,8/23/2015,1/1/2015,12/31/2015,1/1/2014,12/31/2014,1,1,1,1,1,,,,,,1,0,0,0,0,0,0,0,0,0,0,-1700000,-1800000,0.0001,-0.006,0,0,2125000,-1800000,-1700000,-1800000,,
LSE,CAPC,GBP,5/17/2017,1/1/2017,12/31/2017,1/1/2016,12/31/2016,15,7,5,11,8,,,,,,2,0,7,1,5,0.015,0.015,14,-0.03494,0.02854,2,33299999,37424599,0.014,0.01071,82000000,86699997,-118599998,7000000,33750000,36459000,,
LSE,IKA,GBP,5/17/2017,5/1/2017,4/30/2018,5/1/2016,4/30/2017,2,2,1,2,2,,,,,,1,0,0,0,0,0,0,0,0,0,0,-3400000,-2055000,-0.041,-0.021,1150000,2900000,-2990000,-1600000,-3150000,-1855000,,
LSE,SRES,GBP,3/20/2016,10/1/2015,9/30/2016,10/1/2014,9/30/2015,0,0,0,0,0,,,,,,1,0,0,0,0,0,0,0,0,0,0,0,0,0,0,0,0,0,0,0,0,,
LSE,CAPD,GBP,5/17/2017,1/1/2017,12/31/2017,1/1/2016,12/31/2016,1,1,1,1,1,,,,,,0,0,0,0,0,0.03399,0.01159,1,0,0,0,-1052070,7692010,-0.02913,0.02261,75587700,98534798,-3884590,3094890,10601700,19283001,,
LSE,NCCL,GBP,9/25/2016,1/1/2016,12/31/2016,1/1/2015,12/31/2015,1,1,0,0,1,,,,,,1,0,0,0,0,0,0,1,0,0,0,0,0,-0.00543,-0.01047,0,0,-1436320,0,-2442500,-2512210,,
LSE,JUP,GBP,5/17/2017,1/1/2017,12/31/2017,1/1/2016,12/31/2016,18,13,10,15,15,,,,,,4,2,9,1,2,0.272,0.29,15,0.3073,0.34242,6,169399994,191800003,0.294,0.333,351399994,394799988,136300003,153639999,171600006,193899994,,
LSE,DODS,GBP,9/11/2016,4/1/2016,3/31/2017,4/1/2015,3/31/2016,1,1,0,0,1,,,,,,1,0,0,0,0,0,0,0,0,0,0,0,0,0.0066,0.0083,19600000,20600000,0,0,3000000,3500000,,
LSE,EKF,GBP,5/17/2017,1/1/2017,12/31/2017,1/1/2016,12/31/2016,2,2,1,2,2,,,,,,1,0,0,0,0,0,0,2,0,0,0,2708000,4994915,0,0.00817,38589001,40711349,-18000,280000,6139000,7989915,,
LSE,FCRM,GBP,5/17/2017,4/1/2017,3/31/2018,4/1/2016,3/31/2017,2,2,1,1,2,,,,,,2,0,0,0,0,0.018,0.02,2,0,0,0,6500000,7300000,0.036,0.039,35549999,38849998,5400000,6000000,7200000,8100000,,
LSE,BIOM,GBP,5/8/2016,1/1/2016,12/31/2016,1/1/2015,12/31/2015,1,1,1,0,1,,,,,,0,0,0,0,0,0,0,0,0,0,0,0,0,-0.31,-0.0426,4882000,6200000,-733000,-100000,-3650000,210000,,
LSE,OCDO,GBP,5/17/2017,12/1/2016,11/30/2017,12/1/2015,11/30/2016,12,11,9,11,11,,,,,,4,0,2,1,5,0,0,7,0.1255,0.13093,4,21849998,17233299,0.0196,0.00915,1271000000,1449500000,12000000,8300000,84300003,92851501,,
LSE,DPP,GBP,5/17/2017,1/1/2017,12/31/2017,1/1/2016,12/31/2016,1,1,1,1,1,,,,,,1,0,0,0,0,0,0,1,-0.01184,-0.03159,1,0,-1942000,-0.0193,-0.014,7556710,10900000,-2493400,-1942000,-2000000,-1300000,,
LSE,WATR,GBP,5/17/2017,1/1/2017,12/31/2017,1/1/2016,12/31/2016,1,1,0,0,1,,,,,,0,0,0,0,0,0,0,1,0,0,0,0,0,0.06313,0.07643,9873340,11258500,0,0,1294860,1725760,,
LSE,SCLP,GBP,5/17/2017,5/1/2017,4/30/2018,5/1/2016,4/30/2017,2,2,1,1,0,,,,,,1,0,0,0,0,0,0,1,0,0,0,-4750000,-8580000,-0.0205,-0.026,0,0,-4260000,-7320000,0,0,,
LSE,AEG,GBP,12/6/2015,1/1/2015,12/31/2015,1/1/2014,12/31/2014,0,1,0,0,1,,,,,,1,0,0,0,0,0,0,1,0,0,0,128267,0,-0.00064,0,14943000,15856200,-1795730,0,256534,-462474,,
LSE,BREE,GBP,5/17/2017,1/1/2017,12/31/2017,1/1/2016,12/31/2016,7,7,5,7,6,,,,,,6,1,0,0,0,0,0,5,0,0.076,3,58200001,77500000,0.0338,0.03993,454687988,672000000,36770000,55799999,83650002,114800003,,
LSE,IBPO,GBP,5/17/2017,4/1/2017,3/31/2018,4/1/2016,3/31/2017,1,1,0,1,1,,,,,,1,0,0,0,0,0,0,0,0,0,0,26463800,26143700,0.0874,0.08972,119775002,119115997,0,0,27920500,27535999,,
LSE,HWDN,GBP,5/17/2017,1/1/2017,12/31/2017,1/1/2016,12/31/2016,14,13,8,13,12,,,,,,4,1,9,0,0,0.107,0.112,13,0.28777,0.313,3,237158005,225436005,0.294,0.28402,1307300049,1364099976,185600006,173476990,261078979,255399994,,
LSE,RECI,GBP,5/17/2017,4/1/2017,3/31/2018,4/1/2016,3/31/2017,1,1,0,1,1,,,,,,1,0,0,0,0,0.108,0.108,1,0,0,0,13200800,14648400,0.12849,0.14695,16112101,17602400,0,0,13200800,14648400,,
LSE,CAML,GBP,5/17/2017,1/1/2017,12/31/2017,1/1/2016,12/31/2016,4,4,2,3,4,,,,,,4,0,0,0,0,0.157,0.16698,4,0,0,0,27183651,34112598,0.18703,0.23835,53985298,61902153,21120001,26543499,31643200,38672752,,
LSE,AVAP,GBP,5/17/2017,7/1/2016,6/30/2017,7/1/2015,6/30/2016,1,1,0,0,0,,,,,,1,0,0,0,0,0.02478,0,0,0,0,0,34226799,0,0.25783,0.26673,55752823,78383194,13728025,0,288568878,0,,
LSE,HALO,GBP,5/17/2017,1/1/2017,12/31/2017,1/1/2016,12/31/2016,1,1,1,1,1,,,,,,0,0,1,0,0,0,0,1,0,0,0,-8932140,-3940220,-0.04047,-0.01782,1663090,6421850,-8665070,-3308920,-7925380,-3667770,,
LSE,FLYB,GBP,5/17/2017,4/1/2017,3/31/2018,4/1/2016,3/31/2017,4,4,3,4,4,,,,,,2,0,2,0,0,0,0,3,-0.01153,0.24668,1,934062,10910050,0.017,0.02572,685680542,682200012,-4500000,6300000,39764450,52070053,,
LSE,PTCM,GBP,3/13/2016,1/1/2016,12/31/2016,1/1/2015,12/31/2015,1,0,0,1,1,,,,,,1,0,0,0,0,0,0,0,0,0,0,290000,710000,-0.0044,-0.0016,0,0,0,0,2710000,3140000,,
LSE,PSL,GBP,5/15/2017,1/1/2017,12/31/2017,1/1/2016,12/31/2016,1,1,0,0,1,,,,,,0,0,0,0,0,0,0,0,0,0,0,0,0,-0.0043,-0.0027,6050000,7300000,0,0,-310000,320000,,
LSE,PPIX,USD,5/17/2017,1/1/2017,12/31/2017,1/1/2016,12/31/2016,1,1,1,1,0,,,,,,1,0,0,0,0,0,0,1,0,0,0,1492000,1787000,0.014,0.02,16245001,17870001,1255000,1796000,0,0,,
LSE,BRSN,GBP,5/17/2017,1/1/2017,12/31/2017,1/1/2016,12/31/2016,12,10,8,9,9,,,,,,3,1,3,0,5,0.33,0.34,11,1.6738,0.81335,4,161000000,149656998,0.63,0.5815,1110000000,1158449951,91199997,93856598,348600006,350333008,,
LSE,FIPP,GBP,4/3/2016,7/1/2015,6/30/2016,7/1/2014,6/30/2015,0,0,0,0,0,,,,,,1,0,0,0,0,0,0,0,0,0,0,600000,0,0.028,0,1600000,0,600000,0,600000,0,,
LSE,GDL,GBP,5/17/2017,1/1/2017,12/31/2017,1/1/2016,12/31/2016,1,1,0,1,1,,,,,,0,1,0,0,0,0,0,0,0,0,0,-7040830,-2318840,-0.0157,-0.0085,5789660,11826000,-6343220,0,-3641800,-154589,,
LSE,DOTD,GBP,5/17/2017,7/1/2016,6/30/2017,7/1/2015,6/30/2016,2,2,1,2,2,,,,,,1,0,0,0,0,0.0084,0.00521,2,0,0,0,6200000,7824255,0.0183,0.02215,26926001,32020950,5368000,6600000,7975500,9908899,,
LSE,SAC,ZAR,5/17/2017,3/1/2017,2/28/2018,2/29/2016,2/28/2017,1,1,0,0,1,,,,,,0,0,0,0,0,0.02,0.03,1,0,0,0,0,0,0.072,0.116,109000015,256199860,0,0,-11000000,131199936,,
LSE,MSYS,GBP,3/26/2017,1/1/2017,12/31/2017,1/1/2016,12/31/2016,1,1,0,1,1,,,,,,0,0,0,0,0,0,0,1,0,0,0,-3276270,-2566540,-0.02982,-0.01332,849288,1232390,0,0,-3101270,-2366540,,
LSE,ORCP,GBP,12/13/2015,1/1/2015,12/31/2015,1/1/2014,12/31/2014,0,0,0,0,0,,,,,,0,0,0,0,0,0,0,0,0,0,0,0,0,0,0,0,0,0,0,0,0,,
LSE,GLEN,GBP,5/17/2017,1/1/2017,12/31/2017,1/1/2016,12/31/2016,26,12,20,21,23,,,,,,16,2,7,0,2,0.03237,0.08893,21,0.42934,0.57109,10,3156229980,6041470215,-0.04047,0.27107,1.23779E+11,1.38141E+11,1612099976,3957044922,8335690430,11119900391,,
LSE,OXP,GBP,5/17/2017,1/1/2017,12/31/2017,1/1/2016,12/31/2016,1,1,0,1,1,,,,,,0,0,0,0,0,0,0,1,0,0,0,-2030000,-3097430,-0.0011,-0.00204,796000,801963,-1384000,0,-2020000,-3087430,,
LSE,CNEL,GBP,7/19/2015,1/1/2015,12/31/2015,1/1/2014,12/31/2014,1,1,0,0,1,,,,,,1,0,0,0,0,0,0,1,0,0,0,0,0,0,0,5000000,17000000,0,0,-1000000,1000000,,
LSE,PCTN,GBP,5/17/2017,4/1/2017,3/31/2018,4/1/2016,3/31/2017,1,1,1,1,0,,,,,,0,0,1,0,0,0.034,0.035,1,0,0,0,32299999,31000000,0.04,0.041,36799999,35599998,37200001,17500000,0,0,,
LSE,CIRC,GBP,3/26/2017,1/1/2017,12/31/2017,1/1/2016,12/31/2016,0,1,1,1,1,,,,,,0,0,0,0,0,0,0,1,0,0,0,-9300000,-8600000,0,0,134000000,142199997,-10000000,-9600000,-6100000,-400000,,
LSE,ZAM,ZMW,5/17/2017,10/1/2016,9/30/2017,10/1/2015,9/30/2016,1,1,1,1,1,,,,,,0,0,1,0,0,0,0.0003,1,0,0,0,179288498,249000000,0.24641,0.43,2163320068,2577000000,124610504,145000000,253284500,340000000,,
LSE,CNS,GBP,5/17/2017,1/1/2017,12/31/2017,1/1/2016,12/31/2016,1,1,1,1,1,,,,,,0,0,1,0,0,0,0,1,0,0,0,-14000700,-5591940,-0.07284,-1.99712,7099090,9506310,-13901900,-5512060,-4127380,-3035620,,
LSE,NTQ,GBP,5/17/2017,4/1/2017,3/31/2018,4/1/2016,3/31/2017,1,1,1,1,1,,,,,,1,0,0,0,0,0,0,1,0,0,0,-890220,-720721,-0.01376,-0.01201,2589730,3363360,-971149,-720721,-485575,-320320,,
LSE,ZOL,GBP,1/15/2017,1/1/2017,12/31/2017,1/1/2016,12/31/2016,1,1,1,1,0,,,,,,0,0,0,0,0,0,0,0,0,0,0,5269280,6204630,0.01156,0.01849,22775200,23998699,1301330,2698970,0,0,,
LSE,OPHR,GBP,5/17/2017,1/1/2017,12/31/2017,1/1/2016,12/31/2016,15,12,11,11,10,,,,,,10,0,7,0,1,0,0,12,0.01314,0.10897,8,-23051001,17536301,-0.08902,-0.00355,86738098,171665009,-62676300,-2584340,41372902,85487549,,
LSE,SPSY,GBP,5/17/2017,1/1/2017,12/31/2017,1/1/2016,12/31/2016,1,1,1,1,1,,,,,,1,0,0,0,0,4.04645,0.03903,1,0,0,0,1574880,1647380,0.02428,0.03669,9000930,8898950,921782,1027810,1942290,1951520,,
LSE,ESCH,GBP,5/17/2017,1/1/2017,12/31/2017,1/1/2016,12/31/2016,2,2,1,2,2,,,,,,2,0,0,0,0,0,0,2,0,0,0,2684415,2746215,0.09014,0.09252,18136999,18781700,1510940,1722080,4595550,4725695,,
LSE,RLD,GBP,3/13/2016,1/1/2016,12/31/2016,1/1/2015,12/31/2015,1,1,1,0,1,,,,,,0,0,0,0,0,0,0,0,0,0,0,0,0,-0.4684,0.17398,562080,3640130,-1539020,562080,-1465420,695908,,
LSE,RDI,GBP,5/17/2017,9/1/2016,8/31/2017,9/1/2015,8/31/2016,4,4,4,4,3,,,,,,3,0,2,0,0,0.03199,0.0275,5,0.0228,0.01277,2,72500000,79068550,0.032,0.02777,89599998,95514999,7900000,53805000,90500000,78488998,,
LSE,POLY,GBP,5/17/2017,1/1/2017,12/31/2017,1/1/2016,12/31/2016,15,14,14,13,14,,,,,,7,1,6,0,3,0.33181,0.36689,15,1.03676,1.07062,8,470196991,489766998,0.72836,0.79694,1281099976,1412219971,319669006,350459503,614224976,642275024,,
LSE,SPHR,GBP,5/17/2017,1/1/2017,12/31/2017,1/1/2016,12/31/2016,1,1,1,0,1,,,,,,1,0,0,0,0,0,0,1,0,0,0,0,0,-0.032,-0.0372,30000,420000,-4513000,-5274000,-2720000,-1910000,,
LSE,GENL,GBP,5/17/2017,1/1/2017,12/31/2017,1/1/2016,12/31/2016,14,11,10,10,12,,,,,,4,0,7,0,4,0,0,10,0.31562,0.37106,6,-989681030,24894300,-3.63047,-0.03199,154330994,153018997,-1010719971,-2494545,105774002,106608505,,
LSE,MAGP,GBP,3/13/2016,1/1/2016,12/31/2016,1/1/2015,12/31/2015,1,1,1,0,1,,,,,,1,0,0,0,0,0,0,0,0,0,0,0,0,-0.00134,-0.0008,1505570,1713000,-1365050,-823045,6691,267657,,
LSE,INSE,GBP,5/17/2017,1/1/2017,12/31/2017,1/1/2016,12/31/2016,1,1,1,1,1,,,,,,1,0,0,0,0,0.005,0.005,1,0,0,0,7840000,10200000,0.0122,0.0151,21514900,27000000,3402150,5300000,8260000,10500000,,
LSE,WLFE,AUD,5/17/2017,7/1/2016,6/30/2017,7/1/2015,6/30/2016,0,0,0,0,0,,,,,,0,0,1,0,0,0,0,0,0,0,0,-52818401,0,-0.15262,-0.0753,8568960,8568960,0,-63094002,-52782600,-52799999,,
LSE,TLA,GBP,5/17/2017,1/1/2017,12/31/2017,1/1/2016,12/31/2016,1,1,0,1,1,,,,,,1,0,0,0,0,0.012,0.013,1,0,0,0,12000000,15500000,0.043,0.056,31481400,32161301,0,0,9873340,12225900,,
LSE,PEL,GBP,5/17/2017,1/1/2017,12/31/2017,1/1/2016,12/31/2016,1,1,1,1,1,,,,,,0,0,0,0,0,0,0,1,0,0,0,1000000,1100000,0.0048,0.00526,14424000,15700000,311000,1000000,1188000,1500000,,
LSE,BLV,GBP,5/17/2017,1/1/2017,12/31/2017,1/1/2016,12/31/2016,0,0,0,0,0,,,,,,1,0,0,0,0,0.068,0,0,0,0,0,0,0,0.074,0,9940000,0,1833000,0,0,0,,
LSE,STGR,GBP,5/10/2015,1/1/2015,12/31/2015,1/1/2014,12/31/2014,1,1,0,0,1,,,,,,1,0,0,0,0,0,0,1,0,0,0,0,0,0,0,0,1000000,0,0,-1000000,0,,
LSE,BMN,GBP,8/28/2016,2/29/2016,2/28/2017,3/2/2015,2/29/2016,1,1,1,1,1,,,,,,1,0,0,0,0,0,0,0,0,0,0,-2050000,-1327830,-0.003,-0.0014,0,0,-1869000,-698861,-1909000,-1327830,,
LSE,CSSG,GBP,3/20/2016,7/1/2015,6/30/2016,7/1/2014,6/30/2015,1,1,0,0,0,,,,,,1,0,0,0,0,0,0.004,1,0,0,0,0,0,0.024,0.041,15828900,17500000,357992,0,0,0,,
LSE,NMC,GBP,5/17/2017,1/1/2017,12/31/2017,1/1/2016,12/31/2016,8,7,7,7,7,,,,,,8,0,0,0,0,0.10551,0.1573,8,0.7014,0.99639,2,152391006,219401993,0.57217,0.77572,988005981,1226540039,122528000,158531006,199151001,269032990,,
LSE,VNET,GBP,1/29/2017,4/1/2016,3/31/2017,4/1/2015,3/31/2016,1,1,1,1,1,,,,,,1,0,0,0,0,0.057,0.057,1,0,0,0,2600000,2500000,0.0724,0.07,19240999,14900000,1017000,1800000,2900000,3700000,,
LSE,ZZZ,GBP,2/14/2016,1/1/2016,12/31/2016,1/1/2015,12/31/2015,1,1,0,0,0,,,,,,0,0,0,0,0,0,0,1,0,0,0,0,0,-0.017,0.004,5400000,13300000,0,0,0,0,,
LSE,EDEN,GBP,5/17/2017,1/1/2017,12/31/2017,1/1/2016,12/31/2016,1,1,0,0,1,,,,,,0,0,0,0,0,0,0,0,0,0,0,0,0,-0.01,-0.008,400000,1700000,0,0,-900000,-700000,,
LSE,R4E,GBP,12/25/2016,1/1/2016,12/31/2016,1/1/2015,12/31/2015,1,1,1,1,1,,,,,,0,0,0,0,0,0,0,0,0,0,0,0,1050000,0.0401,0.0008,85900002,92000000,4266000,-205000,0,1650000,,
LSE,CLNR,GBP,8/21/2016,1/1/2016,12/31/2016,1/1/2015,12/31/2015,1,1,0,1,1,,,,,,1,0,0,0,0,0,0,1,0,0,0,-1550000,-1500000,-0.01,-0.006,0,0,-1872090,0,-1550000,-1500000,,
LSE,WAND,GBP,5/17/2017,1/1/2017,12/31/2017,1/1/2016,12/31/2016,3,3,3,3,3,,,,,,1,0,1,0,0,0,0,3,-0.16919,-0.1183,1,-14478200,-11660700,-0.37956,-0.26697,9225910,12235200,-7505990,-11438200,-6040540,-3287140,,
LSE,UTW,GBP,5/17/2017,8/1/2016,7/31/2017,8/1/2015,7/31/2016,5,5,4,5,5,,,,,,2,0,1,0,0,0.065,0.068,5,0.00203,0.00189,1,17500000,18858000,0.185,0.188,84428398,95000000,15820800,34500,18284000,19763000,,
LSE,IDEA,GBP,5/17/2017,5/1/2017,4/30/2018,5/1/2016,4/30/2017,2,1,1,1,1,,,,,,0,0,0,0,0,0.002,0.002,1,0,0,0,6900000,9800000,0.032,0.0405,26200001,33900002,1000000,2400000,7800000,11000000,,
LSE,WRES,GBP,11/13/2016,1/1/2016,12/31/2016,1/1/2015,12/31/2015,0,0,0,0,1,,,,,,1,0,0,0,0,0,0,0,0,0,0,0,0,-0.0002,0,82000,0,-606000,0,-400000,-400000,,
LSE,GOOD,GBP,5/17/2017,1/1/2017,12/31/2017,1/1/2016,12/31/2016,3,3,3,3,2,,,,,,2,0,1,0,0,0.033,0.033,3,0,0,0,5950000,6293620,0.088,0.1,90436996,106000000,1383000,1800000,10100000,10690800,,
LSE,ARTL,GBP,5/29/2016,4/1/2016,3/31/2017,4/1/2014,3/31/2015,0,0,0,0,0,,,,,,1,0,0,0,0,0.021,0,0,0,0,0,0,0,0.0748,0,4560000,0,0,0,0,0,,
LSE,FJET,GBP,2/12/2017,1/1/2017,12/31/2017,1/1/2016,12/31/2016,1,1,0,1,1,,,,,,0,0,0,0,0,0,0,1,0,0,0,-40821201,-9758910,-0.53161,-0.10426,56441700,43347198,0,0,-39374298,-9464290,,
LSE,MIDW,GBP,5/17/2017,1/1/2017,12/31/2017,1/1/2016,12/31/2016,1,1,1,1,1,,,,,,1,0,0,0,0,0.086,0.11562,1,0,0,0,18500000,21039101,0.1863,0.19655,370141998,426500000,8216000,12700000,19799999,22532000,,
LSE,IRON,GBP,5/10/2015,7/1/2014,6/30/2015,7/1/2013,6/30/2014,1,1,1,1,1,,,,,,0,0,0,0,0,0,0,0,0,0,0,0,0,0,0,0,0,0,0,0,0,,
LSE,MYXR,GBP,5/17/2017,1/1/2017,12/31/2017,1/1/2016,12/31/2016,1,1,1,1,0,,,,,,1,0,0,0,0,0,0,1,0,0,0,-3000000,-1300000,-0.13758,-0.084,6412010,10500000,-2653660,-1600000,0,0,,
LSE,FOX,GBP,3/26/2017,1/1/2017,12/31/2017,1/1/2016,12/31/2016,1,1,1,0,1,,,,,,0,0,0,0,0,0,0,0,-0.01426,0.01174,1,0,0,-0.01761,0.00587,587035,4864000,-3102890,1006340,-2515860,2180410,,
LSE,AVO,GBP,2/12/2017,1/1/2017,12/31/2017,1/1/2016,12/31/2016,2,2,2,2,1,,,,,,0,0,0,0,0,0,0,1,0,0,0,-17760000,-3205000,-0.06705,-0.01765,35500000,51099998,-18145000,-5255000,-7000000,700000,,
LSE,CLIN,GBP,5/17/2017,7/1/2016,6/30/2017,7/1/2015,6/30/2016,5,5,4,5,5,,,,,,5,0,0,0,0,0.04,0.048,5,0.26614,0.23355,1,53641151,62799999,0.346,0.403,339899994,299319000,13500000,27049999,55400002,64932098,,
LSE,BLUR,GBP,5/17/2017,1/1/2017,12/31/2017,1/1/2016,12/31/2016,1,1,0,1,1,,,,,,0,0,0,0,0,0,0,1,0,0,0,-3929640,-3340600,-0.07416,-0.06188,768978,1462110,0,0,-3209380,-2487760,,
LSE,SULA,GBP,5/17/2017,10/1/2016,9/30/2017,10/1/2015,9/30/2016,0,0,0,0,0,,,,,,1,0,0,0,0,0,0,0,0,0,0,0,0,0,0,0,0,0,0,0,0,,
LSE,SYNT,GBP,5/17/2017,1/1/2017,12/31/2017,1/1/2016,12/31/2016,13,12,9,10,12,,,,,,7,1,3,0,3,0.113,0.118,12,0.38655,0.36713,5,130199997,136739502,0.283,0.29219,1045699951,1317724976,96199997,100075996,160100006,173799988,,
LSE,PREM,GBP,3/27/2016,1/1/2016,12/31/2016,1/1/2015,12/31/2015,0,0,0,0,0,,,,,,1,0,0,0,0,0,0,1,0,0,0,0,0,0,0,0,0,0,0,0,0,,
LSE,VENN,GBP,5/17/2017,1/1/2017,12/31/2017,1/1/2016,12/31/2016,1,1,1,1,1,,,,,,1,0,0,0,0,0,0,0,0,0,0,-478869,498403,-0.00973,0.01572,15287100,16286600,454115,465749,329489,1203040,,
LSE,VSVS,GBP,5/17/2017,1/1/2017,12/31/2017,1/1/2016,12/31/2016,12,12,12,12,12,,,,,,7,0,5,0,0,0.1655,0.17023,12,0.32012,0.48359,6,133000000,154050003,0.173,0.3528,1401400024,1524800049,63200001,82792252,175600006,201734009,,
LSE,BSE,AUD,5/17/2017,7/1/2016,6/30/2017,7/1/2015,6/30/2016,3,3,3,3,3,,,,,,2,0,0,0,0,0,0,1,0,0.126,2,21188499,57000000,-0.0341,0.04,169039001,203899994,-20919001,31000000,66000000,102000000,,
LSE,LMP,GBP,5/17/2017,4/1/2017,3/31/2018,4/1/2016,3/31/2017,9,6,6,6,4,,,,,,3,1,4,0,1,0.075,0.07857,8,0.06963,0.07945,1,69150002,75021347,0.08185,0.082,78099998,85099998,54429352,70199997,66248001,71421349,,
LSE,SPDI,GBP,5/17/2017,1/1/2017,12/31/2017,1/1/2016,12/31/2016,1,0,0,1,0,,,,,,1,0,0,0,0,0,0,0,0,0,0,1877910,2858520,-0.04268,0.00866,0,0,0,0,0,0,,
LSE,TYMN,GBP,5/17/2017,1/1/2017,12/31/2017,1/1/2016,12/31/2016,5,5,1,5,4,,,,,,4,1,0,0,0,0.105,0.11554,4,0,0.3545,1,69800003,80300003,0.2531,0.28,457644012,521700012,20735001,31299999,80501495,92752701,,
LSE,HAYT,GBP,5/17/2017,4/1/2017,3/31/2018,4/1/2016,3/31/2017,0,0,0,0,0,,,,,,0,0,0,0,0,0.0146,0,0,0,0,0,-3050000,0,-0.10529,0,63200001,0,0,0,0,0,,
LSE,THRL,GBP,5/17/2017,7/1/2016,6/30/2017,7/1/2015,6/30/2016,2,2,2,1,0,,,,,,1,0,0,0,0,0.062,0.0629,2,0,0,0,9100000,13600000,0.0525,0.05075,12738000,20896000,8139000,18338501,0,0,,
LSE,ESUR,GBP,5/17/2017,1/1/2017,12/31/2017,1/1/2016,12/31/2016,14,9,10,7,3,,,,,,6,0,6,0,2,0.135,0.121,8,0,0.13797,1,81400002,96800003,0.193,0.17592,655000000,765924988,59500000,69804001,83699997,104342003,,
LSE,UKW,GBP,5/17/2017,1/1/2017,12/31/2017,1/1/2016,12/31/2016,1,1,1,1,0,,,,,,1,0,0,0,0,0.063,0.065,1,0,0,0,67199997,96199997,0.1056,0.115,78929001,107800003,61358002,93199997,0,0,,
LSE,FOG,CAD,5/17/2017,1/1/2017,12/31/2017,1/1/2016,12/31/2016,1,1,0,1,1,,,,,,1,0,0,0,0,0,0,1,0,0,0,-1607920,-2086980,-0.04023,-0.01306,0,0,0,0,-1609260,-2089840,,
LSE,MGAM,GBP,5/17/2017,1/1/2017,12/31/2017,1/1/2016,12/31/2016,12,10,9,10,9,,,,,,5,0,6,1,0,0.11,0.112,11,0.24956,0.2242,4,117199997,117438499,0.227,0.21393,989200012,1005669983,52299999,55000000,146399994,147296997,,
LSE,OMIP,GBP,5/17/2017,11/1/2016,10/31/2017,11/1/2015,10/31/2016,1,1,1,1,1,,,,,,1,0,0,0,0,0,0.0014,1,0,0,0,270000,580000,0.0008,0.0036,2045650,2300000,62871,250000,270000,580000,,
LSE,RCN,GBP,5/17/2017,4/1/2017,3/31/2018,4/1/2016,3/31/2017,2,2,0,1,2,,,,,,0,0,1,0,0,0.00675,0.023,2,0,0,0,9513970,11268900,0.04785,0.05465,105595505,111183502,0,0,17506950,18534451,,
LSE,JWNG,GBP,5/17/2017,4/1/2017,3/31/2018,4/1/2016,3/31/2017,1,1,1,1,1,,,,,,1,0,0,0,0,0,0,0,0,0,0,4400000,5000000,0.037,0.041,39200001,42599998,800000,1600000,4900000,5500000,,
LSE,LEK,GBP,5/17/2017,1/1/2017,12/31/2017,1/1/2016,12/31/2016,3,4,3,2,2,,,,,,4,0,0,0,0,0,0,1,0.07284,0.00801,1,-17399700,56932747,-0.02428,0.03869,0,123634499,-17804300,22925600,-16185801,66414749,,
LSE,DIGS,GBP,5/17/2017,7/1/2016,6/30/2017,7/1/2015,6/30/2016,1,1,1,1,1,,,,,,1,0,0,0,0,0,0.0574,1,0,0,0,0,15000000,0.05258,0.033,22482000,27200001,28327999,26299999,0,15000000,,
LSE,QXT,GBP,5/17/2017,1/1/2017,12/31/2017,1/1/2016,12/31/2016,1,1,1,1,1,,,,,,0,0,0,0,0,0.02023,0.02475,1,0,0,0,11470800,12705100,0.13434,0.1477,73131500,81673302,7520740,9619240,12624900,13891600,,
LSE,ABDP,GBP,5/17/2017,9/1/2016,8/31/2017,9/1/2015,8/31/2016,2,2,1,2,2,,,,,,0,0,2,0,0,0.03025,0.0333,2,0,0,0,4675000,5340000,0.2225,0.2285,20472200,24450001,3874380,3000000,4930000,5490000,,
LSE,FLOW,GBP,5/17/2017,1/1/2017,12/31/2017,1/1/2016,12/31/2016,2,2,1,2,1,,,,,,1,0,1,0,0,0,0,1,0,0,0,-24368999,-15850000,-0.0771,-0.051,98000000,212850006,-26400000,-11700000,-21763000,-17100000,,
LSE,ESNT,GBP,5/17/2017,1/1/2017,12/31/2017,1/1/2016,12/31/2016,5,4,2,4,4,,,,,,2,1,1,0,1,0.207,0.207,4,0,0.40325,1,132000000,77900002,0.363,0.26298,1103699951,1007250000,-39599998,82500000,166100006,129656494,,
LSE,BOIL,GBP,5/17/2017,1/1/2017,12/31/2017,1/1/2016,12/31/2016,0,0,0,0,0,,,,,,1,0,0,0,0,0,0,0,0,0,0,0,0,0,0,0,0,0,0,0,0,,
LSE,KWS,GBP,5/17/2017,1/1/2017,12/31/2017,1/1/2016,12/31/2016,4,4,2,3,3,,,,,,3,0,0,0,0,0.01123,0.01236,4,0,0.21673,1,12803900,14466600,0.17576,0.20771,82444801,99739548,5302550,9558170,14425800,16987700,,
LSE,BSIF,GBP,10/16/2016,7/1/2016,6/30/2017,7/1/2015,6/30/2016,0,0,0,0,0,,,,,,0,0,0,0,1,0,0,0,0,0,0,0,0,0.0292,0,17593300,0,8666140,0,0,0,,
LSE,FDEV,GBP,5/17/2017,6/1/2016,5/31/2017,6/1/2015,5/31/2016,1,1,0,1,1,,,,,,0,0,1,0,0,0,0,0,0,0,0,-4200000,5500000,-0.08,0.028,21363001,36200001,1432000,0,4876000,10000000,,
LSE,TRAF,GBP,11/27/2016,4/1/2016,3/31/2017,4/1/2015,3/31/2016,1,1,1,0,1,,,,,,0,0,0,0,0,0,0,0,0,0,0,0,0,0.0009,0.0034,2235000,5245000,204877,801000,198000,901000,,
LSE,AFRK,EUR,6/5/2016,1/1/2016,12/31/2016,1/1/2015,12/31/2015,1,1,1,1,1,,,,,,0,0,1,0,0,0,0.02,1,0,0,0,9887000,7446920,0.03068,0.0252,187710999,133511002,8071000,6629540,17188999,13967200,,
LSE,PLUS,GBP,5/17/2017,1/1/2017,12/31/2017,1/1/2016,12/31/2016,2,2,2,2,2,,,,,,1,0,1,0,0,0.47144,0.36031,2,0.73019,0.56328,1,122007004,86431854,0.78573,0.56124,265365997,186845505,94882797,65552353,122007004,85371948,,
LSE,TRIG,GBP,5/17/2017,1/1/2017,12/31/2017,1/1/2016,12/31/2016,1,1,1,1,1,,,,,,1,0,0,0,0,0.0625,0.064,1,0,0,0,0,58056801,0.088,0.06956,76026001,67506401,67903000,58099998,78900002,58056801,,
LSE,UJO,GBP,1/22/2017,1/1/2017,12/31/2017,1/1/2016,12/31/2016,1,1,1,1,0,,,,,,0,0,0,0,0,0,0,0,0,0,0,-542000,-218000,-0.0002,-0.0001,31000,731000,-536000,-215000,0,0,,
LSE,TAVI,GBP,8/21/2016,4/1/2016,3/31/2017,4/1/2015,3/31/2016,1,1,0,0,0,,,,,,1,0,0,0,0,0,0.001,1,0,0,0,0,0,-0.011,0.002,29850000,33000000,-3183000,0,0,0,,
LSE,CVR,GBP,5/17/2017,5/1/2017,4/30/2018,5/1/2016,4/30/2017,2,1,1,1,1,,,,,,2,0,0,0,0,0.12313,0.13,1,0,0,0,47135002,53099998,0.20486,0.23444,1600000000,1673000000,35900002,41500000,58525002,65700996,,
LSE,SIS,GBP,5/17/2017,1/1/2017,12/31/2017,1/1/2016,12/31/2016,1,2,1,1,1,,,,,,1,0,0,0,0,0,0,1,0,0,0,-2800000,-3200000,-0.062,-0.04,12243000,15100000,-2644000,-3200000,-800000,-1200000,,
LSE,ROSE,GBP,1/17/2016,1/1/2016,12/31/2016,1/1/2015,12/31/2015,0,0,0,0,0,,,,,,1,0,0,0,0,0,0,0,0,0,0,0,0,0,0,0,0,0,0,0,0,,
LSE,PROX,GBP,9/27/2015,1/1/2015,12/31/2015,1/1/2014,12/31/2014,1,1,0,0,0,,,,,,1,0,0,0,0,0,0,1,0,0,0,0,0,-0.0067,-0.002,650978,6900000,-5623970,0,-5600000,0,,
LSE,CNIC,GBP,5/17/2017,1/1/2017,12/31/2017,1/1/2016,12/31/2016,2,2,1,1,2,,,,,,1,0,0,0,0,0,0,1,0.05082,0.04747,1,5000000,5900000,0.0097,0.0435,22129000,25799999,955000,2500000,5500000,6450000,,
LSE,NSCI,GBP,5/17/2017,1/1/2017,12/31/2017,1/1/2016,12/31/2016,1,2,2,2,1,,,,,,1,0,0,0,0,0,0,1,0,0,0,-12414499,-13757500,-0.208,-0.22,518000,1841000,-11195000,-11365000,-12570000,-13856000,,
LSE,FOXT,GBP,5/17/2017,1/1/2017,12/31/2017,1/1/2016,12/31/2016,5,3,2,3,4,,,,,,2,0,2,0,1,0.02,0.02,5,0.0764,0.06413,2,19972900,14300000,0.057,0.0394,132688004,122300003,15722000,12033449,24600000,19769100,,
LSE,VLS,GBP,5/17/2017,1/1/2017,12/31/2017,1/1/2016,12/31/2016,2,2,1,2,2,,,,,,2,0,0,0,0,0,0,1,0,0,0,-16650002,-8500000,-0.08821,-0.05743,1650000,18700001,-10700000,-17799999,-15303499,-7045195,,
LSE,PGY,GBP,7/12/2015,7/1/2015,6/30/2016,7/1/2014,6/30/2015,1,1,0,0,0,,,,,,1,0,0,0,0,0,0,1,0,0,0,0,0,0,0,54000000,57000000,0,0,0,0,,
LSE,IXI,GBP,12/13/2015,10/1/2015,9/30/2016,10/1/2014,9/30/2015,1,1,1,1,1,,,,,,0,0,0,0,0,0,0,1,0,0,0,-1638000,-1292000,-0.108,-0.068,3125000,4233000,-1758000,-1417000,-1553000,-1216000,,
LSE,KMK,GBP,5/17/2017,5/1/2017,4/30/2018,5/1/2016,4/30/2017,1,2,1,2,2,,,,,,1,0,0,0,0,0,0,1,0,0,0,-3672500,-2268000,-0.021,-0.008,8875000,12477500,-3655000,-2103000,-1625000,158500,,
LSE,TUNG,GBP,5/17/2017,5/1/2017,4/30/2018,5/1/2016,4/30/2017,1,1,1,1,1,,,,,,1,0,0,0,0,0,0,0,0,0,0,-17100000,-500000,-0.12292,-0.00314,31000000,37500000,-15500000,-400000,-12500000,3000000,,
LSE,AMED,GBP,2/12/2017,1/1/2017,12/31/2017,1/1/2016,12/31/2016,0,1,0,0,1,,,,,,0,0,0,0,0,0,0,1,0,0,0,0,0,0,0,81907,81907,0,0,-1146690,81907,,
LSE,STCK,GBP,5/17/2017,1/1/2017,12/31/2017,1/1/2016,12/31/2016,4,4,4,4,4,,,,,,0,1,2,0,1,0.16748,0.06883,4,0.17072,0.15795,1,34143902,36169151,0.1195,0.12463,222766998,229972000,24273800,23765251,43533501,46315498,,
LSE,EMAN,GBP,5/17/2017,1/1/2017,12/31/2017,1/1/2016,12/31/2016,1,1,1,1,1,,,,,,1,0,0,0,0,0,0,0,0,0,0,1564000,2780000,0.001,0.037,29554001,39458000,61000,1102000,3954000,6311000,,
LSE,ACSO,GBP,5/17/2017,1/1/2017,12/31/2017,1/1/2016,12/31/2016,3,4,1,3,3,,,,,,1,1,2,0,0,0,0,1,0,0,0,12705800,14782600,0.39291,0.46723,82961197,92572845,6090720,9615770,15254250,18687000,,
LSE,EUSP,GBP,5/17/2017,1/1/2017,12/31/2017,1/1/2016,12/31/2016,2,2,1,2,2,,,,,,1,0,0,0,0,0,0,2,0,0,0,-709500,102000,-0.014,-0.002,3444010,4302000,-955122,-82000,-700000,100000,,
LSE,AGM,GBP,5/17/2017,8/1/2016,7/31/2017,8/1/2015,7/31/2016,1,1,0,1,1,,,,,,0,0,0,0,0,0,0,1,0,0,0,-4324000,-4300000,-0.208,-0.19004,75000,700000,-4344000,0,-4155000,-4000000,,
LSE,BON,GBP,5/17/2017,4/1/2017,3/31/2018,4/1/2016,3/31/2017,2,2,1,1,2,,,,,,1,0,2,0,0,0.071,0.072,2,0,0,0,6300000,8700000,0.096,0.128,186750000,197949997,4400000,6800000,10800000,13850000,,
LSE,CTP,GBP,5/17/2017,4/1/2017,3/31/2018,4/1/2016,3/31/2017,1,1,0,0,1,,,,,,0,0,0,0,0,0,0,1,0,0,0,0,0,0.041,0.049,21100000,22700001,0,0,4400000,4900000,,
LSE,MCON,EUR,5/17/2017,1/1/2017,12/31/2017,1/1/2016,12/31/2016,1,1,0,1,1,,,,,,1,0,0,0,0,0.02,0.02,1,0,0,0,10178000,12742500,0.04388,0.04884,76181000,89662804,0,0,12510000,15297400,,
LSE,CBUY,GBP,5/17/2017,1/1/2017,12/31/2017,1/1/2016,12/31/2016,1,1,0,1,1,,,,,,1,0,0,0,0,0,0,0,0,0,0,-3360000,-1900000,-0.026,-0.016,1714490,1800000,-4114650,0,-3251900,-1800000,,
LSE,KLBT,GBP,4/2/2017,7/1/2016,6/30/2017,7/1/2015,6/30/2016,1,1,0,1,1,,,,,,0,0,0,0,0,0,0,1,0,0,0,2008951,13665,0.06099,0.00038,26941689,24308832,5404,0,3317629,1534032,,
LSE,UKOG,GBP,5/17/2017,10/1/2016,9/30/2017,10/1/2015,9/30/2016,1,1,1,1,0,,,,,,1,0,0,0,0,0,0,0,0,0,0,-2900000,900000,-0.0009,0,151000,1800000,-1972000,900000,0,0,,
LSE,BBOX,GBP,5/17/2017,1/1/2017,12/31/2017,1/1/2016,12/31/2016,4,3,2,3,2,,,,,,1,0,3,0,0,0.06161,0.06382,4,0,0,0,62873001,91278900,0.06469,0.07154,74655998,102199997,91894997,142800003,62886501,89739449,,
LSE,AHCG,GBP,5/17/2017,1/1/2017,12/31/2017,1/1/2016,12/31/2016,0,1,1,1,1,,,,,,0,0,0,0,0,0.01861,0.01857,1,0,0,0,7526400,4797090,-0.02832,0,42970100,48202999,-4195360,-7350380,14971800,12998500,,
LSE,RM2,GBP,9/4/2016,1/1/2016,12/31/2016,1/1/2015,12/31/2015,1,1,0,0,1,,,,,,1,0,0,0,0,0,0,0,0,0,0,0,0,-0.11534,-0.0271,5427870,41856300,-39813099,0,-25917601,12434600,,
LSE,HUR,GBP,5/17/2017,1/1/2017,12/31/2017,1/1/2016,12/31/2016,6,5,6,5,4,,,,,,8,0,0,0,0,0,0,5,-0.00003,0,3,-5820000,-6000000,0.0007,-0.0046,0,0,664000,-6000000,-6500000,-6000000,,
LSE,MANX,GBP,5/17/2017,1/1/2017,12/31/2017,1/1/2016,12/31/2016,2,1,1,1,1,,,,,,2,0,0,0,0,0.109,0.11492,1,0,0,0,18580999,19023399,0.1426,0.12517,80822998,81623398,8821000,9200000,27723000,28023399,,
LSE,KWE,GBP,5/17/2017,1/1/2017,12/31/2017,1/1/2016,12/31/2016,2,2,0,2,3,,,,,,1,1,0,0,0,0.48,0.48,3,0,0,0,195149490,169638000,0.552,0.96488,217199997,209600006,66000000,0,196749496,236376007,,
LSE,MCLS,GBP,5/17/2017,12/1/2016,11/30/2017,12/1/2015,11/30/2016,3,3,3,3,3,,,,,,3,0,0,0,0,0.102,0.103,3,-0.04298,0.21442,1,22400000,28600000,0.16,0.173,950403015,1117099976,13916000,20000000,36700001,45099998,,
LSE,SMTG,EUR,5/17/2017,1/1/2017,12/31/2017,1/1/2016,12/31/2016,1,1,0,1,1,,,,,,1,0,0,0,0,0.045,0.05,1,0,0,0,48740799,51607498,0.07526,0.07846,55700001,58700001,0,0,48740799,51607498,,
LSE,AO.,GBP,5/17/2017,4/1/2017,3/31/2018,4/1/2016,3/31/2017,4,4,2,3,4,,,,,,1,0,1,0,1,0,0,2,0,0,0,-6734880,-2524130,-0.0104,-0.0057,700157471,790212524,-2453490,-2533110,-1148768,4071695,,
LSE,DX.,GBP,5/17/2017,7/1/2016,6/30/2017,7/1/2015,6/30/2016,3,3,1,2,3,,,,,,0,0,0,0,0,0.025,0,2,0,0,0,11900000,2750000,0.049,0.008,287899994,295000000,-84400002,1600000,18000000,9000000,,
LSE,KOOV,GBP,5/17/2017,4/1/2017,3/31/2018,4/1/2016,3/31/2017,1,1,0,0,1,,,,,,1,0,0,0,0,0,0,1,-0.78344,-0.38541,1,0,0,-0.1157,-0.0631,15448900,47200001,0,0,-17189301,-8192450,,
LSE,PETS,GBP,5/17/2017,4/1/2017,3/31/2018,4/1/2016,3/31/2017,8,7,4,6,6,,,,,,2,1,2,0,2,0.07685,0.0785,8,0.23333,0.22515,1,102003502,98532303,0.15215,0.1545,835599976,878653015,76068497,71390999,130500488,131900497,,
LSE,BOO,GBP,5/17/2017,3/1/2017,2/28/2018,2/29/2016,2/28/2017,10,3,5,7,8,,,,,,4,0,5,0,0,0,0,8,0.13162,0.15755,2,30299999,39642300,0.0216,0.02645,294635010,416000000,24660999,27799999,35599998,47349998,,
LSE,DAL,EUR,5/17/2017,1/1/2017,12/31/2017,1/1/2016,12/31/2016,4,4,3,4,4,,,,,,3,0,1,0,0,0,0.0355,4,0,0.51922,2,69699997,79350006,0.26245,0.3228,290550995,334650024,49000000,59274700,85053299,99240753,,
LSE,MSMN,GBP,11/1/2015,7/1/2015,6/30/2016,7/1/2014,6/30/2015,1,1,1,1,1,,,,,,0,0,0,0,0,0,0,1,0,0,0,-1555610,-168264,-0.02887,-0.00239,0,0,-1514150,-136715,-1551410,-168264,,
LSE,XLM,GBP,5/17/2017,1/1/2017,12/31/2017,1/1/2016,12/31/2016,2,2,2,2,2,,,,,,2,0,0,0,0,0.06151,0.05926,2,0,0.1446,1,24561951,26841801,0.09712,0.10276,83846497,103992004,19371901,20024500,28163250,29929852,,
LSE,XSG,GBP,5/17/2017,1/1/2017,12/31/2017,1/1/2016,12/31/2016,1,1,1,1,1,,,,,,1,0,0,0,0,0,0,0,0,0,0,-22000000,-23000000,-0.2493,-0.18,2393000,6000000,-20239000,-23000000,-21000000,-22000000,,
LSE,CREI,GBP,5/17/2017,4/1/2017,3/31/2018,4/1/2016,3/31/2017,1,1,1,1,0,,,,,,0,0,0,0,0,0.0635,0.0645,1,0,0,0,24893000,28504999,0.066,0.0683,27223000,30854000,20212999,31433001,0,0,,
LSE,HZD,GBP,5/17/2017,1/1/2017,12/31/2017,1/1/2016,12/31/2016,3,3,1,3,3,,,,,,3,0,0,0,0,0,0,2,0,0,0,-10943700,-4400000,-0.10383,-0.038,24200001,32173599,-11000000,-3800000,-6806050,320000,,
LSE,SCHO,GBP,3/12/2017,4/1/2016,3/31/2017,4/1/2015,3/31/2016,0,0,0,0,0,,,,,,1,0,0,0,0,0,0,0,0,0,0,0,0,-0.0005,0,6742000,0,-16000,0,0,0,,
LSE,JLEN,GBP,3/12/2017,4/1/2016,3/31/2017,4/1/2015,3/31/2016,1,1,1,1,1,,,,,,1,0,0,0,0,0,0.0615,1,0,0.00039,1,0,10770000,0.0301,0.03933,9317000,14691000,6199000,10770000,0,10770000,,
LSE,JE.,GBP,5/17/2017,1/1/2017,12/31/2017,1/1/2016,12/31/2016,15,13,11,12,13,,,,,,11,2,2,0,1,0,0,13,0.14653,0.20882,5,90199997,140125488,0.12,0.16826,375700012,494966003,71699997,106007004,115300003,162000000,,
LSE,LWRF,GBP,5/17/2015,10/1/2014,9/30/2015,10/1/2013,9/30/2014,1,1,0,0,0,,,,,,1,0,0,0,0,0,0,1,0,0,0,0,0,0,0,3000000,4000000,0,0,0,0,,
LSE,COPL,CAD,4/2/2017,1/1/2017,12/31/2017,1/1/2016,12/31/2016,0,1,0,0,1,,,,,,0,0,0,0,0,0,0,0,0,0,0,0,0,0,0,0,0,0,0,-8688220,-7351570,,
LSE,SEPL,GBP,5/17/2017,1/1/2017,12/31/2017,1/1/2016,12/31/2016,4,5,5,4,5,,,,,,6,0,0,0,2,0,0.00401,4,0,0.42425,1,-34005951,94904701,-0.23469,0.03227,205735001,339769989,-134417999,8013460,14430400,141837997,,
LSE,PLP,GBP,5/17/2017,1/1/2017,12/31/2017,1/1/2016,12/31/2016,6,6,5,6,5,,,,,,3,1,1,0,0,0.101,0.1074,6,0.29671,0.3462,3,69400002,74750000,0.25,0.2688,436899994,459399994,44200001,54114201,85699997,92000000,,
LSE,EXO,GBP,5/17/2017,1/1/2017,12/31/2017,1/1/2016,12/31/2016,2,1,0,0,1,,,,,,1,0,0,0,0,0.034,0.036,1,0,0,0,50299999,0,0.129,0.1285,328600006,330799988,26200001,0,64500000,66800003,,
LSE,CMBN,GBP,5/17/2017,1/1/2017,12/31/2017,1/1/2016,12/31/2016,1,1,1,1,1,,,,,,0,1,1,0,0,0,0,0,0,0,0,-200000,14300000,0.024,0.058,324140991,198300003,123825996,10400000,16200001,20100000,,
LSE,HAYD,GBP,5/17/2017,7/1/2016,6/30/2017,7/1/2015,6/30/2016,1,1,1,1,1,,,,,,1,0,0,0,0,0,0,1,0,0,0,-4010000,-4400000,-0.25941,-0.246,1923000,4100000,-3598000,-4600000,-3580000,-3800000,,
LSE,BAGR,GBP,5/17/2017,1/1/2017,12/31/2017,1/1/2016,12/31/2016,1,1,0,1,1,,,,,,0,0,0,0,0,0,0,1,0,0,0,-133670,1929900,0.08902,0.00287,51852001,57866600,8012780,0,1274490,2978950,,
LSE,EYE,GBP,5/17/2017,7/1/2016,6/30/2017,7/1/2015,6/30/2016,1,1,1,1,1,,,,,,1,0,0,0,0,0,0,1,0,0,0,-3467880,-2900000,-0.1636,-0.122,6458000,10700000,-3625000,-2700000,-1823000,-1300000,,
LSE,CNCT,GBP,5/17/2017,9/1/2016,8/31/2017,9/1/2015,8/31/2016,5,5,4,4,5,,,,,,4,1,0,0,0,0.095,0.098,5,0.14435,0.1546,2,67699997,58849998,0.195,0.168,1906500000,1831400024,33400002,30600000,81099998,78000000,,
LSE,TILS,GBP,5/17/2017,1/1/2017,12/31/2017,1/1/2016,12/31/2016,1,0,1,1,0,,,,,,2,0,0,0,0,0,0,0,0,0,0,-4850000,-7500000,-0.05,-0.07,0,0,-4920000,-7500000,0,0,,
LSE,NESF,GBP,3/5/2017,4/1/2016,3/31/2017,4/1/2015,3/31/2016,1,0,1,1,1,,,,,,0,0,1,0,0,0.06406,0.06566,1,-0.0017,-0.00136,1,-46356998,-39916000,0.0078,-0.13616,24046101,0,2034700,-45320999,-46356998,-39916000,,
LSE,RDT,GBP,5/17/2017,5/1/2017,4/30/2018,5/1/2016,4/30/2017,1,1,1,1,1,,,,,,1,0,0,0,0,0,0,1,0,0,0,-1077000,480000,-0.01323,0.00378,4816000,9500000,-1076000,483000,-1052000,530000,,
LSE,MPAY,GBP,5/17/2017,1/1/2017,12/31/2017,1/1/2016,12/31/2016,1,1,1,1,1,,,,,,0,0,0,0,0,0,0,0,0,0,0,-300000,-100000,-0.011,-0.002,3278660,3900000,-439246,-200000,-200000,0,,
LSE,BVXP,GBP,5/17/2017,7/1/2016,6/30/2017,7/1/2015,6/30/2016,1,1,1,1,1,,,,,,0,0,0,0,0,0.625,0.51,1,0,0,0,4300000,4900000,0.6795,0.787,5517210,6300000,3494420,4000000,4300000,5000000,,
LSE,SPRP,GBP,5/17/2017,1/1/2017,12/31/2017,1/1/2016,12/31/2016,1,1,1,1,0,,,,,,1,0,0,0,0,0.08,0.09,1,0,0,0,2221000,4528000,0.04,0.091,57105999,60580002,1819000,3679000,0,0,,
LSE,SSTY,GBP,5/17/2017,1/1/2017,12/31/2017,1/1/2016,12/31/2016,1,2,0,1,1,,,,,,1,0,0,0,0,0,0,1,0,0,0,1100000,1500000,-0.0149,0.00598,7411000,8200001,-511000,0,2000000,2800000,,
LSE,RXB,GBP,3/19/2017,4/1/2016,3/31/2017,4/1/2015,3/31/2016,1,1,1,1,1,,,,,,1,0,0,0,0,0,0,1,0,0,0,-5400000,-5200000,-0.288,-0.217,451000,800000,-4875000,-4800000,-3900000,-3800000,,
LSE,CAKE,GBP,5/17/2017,10/1/2016,9/30/2017,10/1/2015,9/30/2016,4,5,1,3,4,,,,,,4,0,1,0,0,0.03,0.03475,4,0.14595,0.174,1,17200001,20000000,0.136,0.15773,104140999,115300003,13735000,15600800,22200001,24902199,,
LSE,CARD,GBP,5/17/2017,2/1/2017,1/31/2018,2/1/2016,1/31/2017,5,5,4,4,5,,,,,,3,0,2,0,0,0,0,0,0.19861,0.2004,2,87800003,87695602,0.198,0.197,398200012,424799988,65699997,67846451,98500000,99800003,,
LSE,UANC,GBP,5/15/2017,10/1/2016,9/30/2017,10/1/2015,9/30/2016,1,1,1,1,0,,,,,,1,0,0,0,0,0.02738,0.032,1,0,0,0,19482750,3800000,0.144,0.018,2140000,6300000,20841000,18100000,33265499,0,,
LSE,SHOE,GBP,5/17/2017,10/1/2016,9/30/2017,10/1/2015,9/30/2016,1,1,0,0,1,,,,,,0,0,1,0,0,0.10121,0.101,1,0,0,0,10393000,0,0.169,0.169,159834000,161399994,8451000,0,13569500,13900000,,
LSE,REDD,GBP,5/17/2017,7/1/2016,6/30/2017,7/1/2015,6/30/2016,2,3,1,2,2,,,,,,1,0,0,0,0,0.09675,0.1055,2,0,0,0,34598701,39570999,0.092,0.10527,379243988,448955994,25194000,27600000,43074348,50109001,,
LSE,NAH,GBP,5/17/2017,1/1/2017,12/31/2017,1/1/2016,12/31/2016,2,2,2,2,2,,,,,,2,0,0,0,0,0.19075,0.1619,2,0,0,0,17466499,14234501,0.29288,0.2373,50634998,52719601,12224000,9650000,18212502,14650000,,
LSE,OSB,GBP,5/17/2017,1/1/2017,12/31/2017,1/1/2016,12/31/2016,13,9,9,9,0,,,,,,8,0,5,0,0,0.1035,0.1285,12,0,0,0,147100006,170100006,0.417,0.485,201399994,236600006,120900002,116599998,0,0,,
LSE,7DIG,GBP,5/17/2017,1/1/2017,12/31/2017,1/1/2016,12/31/2016,1,1,1,1,1,,,,,,0,0,0,0,0,0,0,1,0,0,0,-4684000,-435053,-0.0453,-0.003,11899000,19299999,-5169000,-1400000,-3549000,200000,,
LSE,MYSL,GBP,5/17/2017,7/1/2016,6/30/2017,7/1/2015,6/30/2016,3,3,1,3,3,,,,,,0,0,0,0,0,0,0,2,0,0,0,824661,1518686,-0.00071,0.00624,148608658,169425079,-104261,1093457,3219713,5163559,,
LSE,NOG,GBP,5/17/2017,1/1/2017,12/31/2017,1/1/2016,12/31/2016,10,9,9,7,9,,,,,,7,0,5,0,0,0,0,9,0.76212,0.93238,6,28244200,100075996,-0.3573,0.18031,281618988,381332001,-66284897,27220600,133457993,214563004,,
LSE,ZBO,GBP,5/31/2015,4/1/2015,3/31/2016,4/1/2014,3/31/2015,1,1,1,0,0,,,,,,0,0,0,0,0,0,0,1,0,0,0,0,0,0,0,37000000,49000000,1000000,1000000,0,0,,
LSE,RIV,GBP,5/17/2017,7/1/2016,6/30/2017,7/1/2015,6/30/2016,3,3,3,3,2,,,,,,2,1,0,0,0,0.095,0.14,3,0,0,0,11800000,18200001,0.1162,0.168,47200001,62200001,5900000,10600000,11900000,16668350,,
LSE,AA.,GBP,5/17/2017,2/1/2017,1/31/2018,2/1/2016,1/31/2017,6,5,5,5,4,,,,,,4,0,1,0,1,0.093,0.0965,6,0,0,0,336000000,322608002,0.213,0.24326,933000000,957614990,130000000,146000000,403000000,405226501,,
LSE,AFHP,GBP,5/17/2017,11/1/2016,10/31/2017,11/1/2015,10/31/2016,1,1,0,1,1,,,,,,1,0,0,0,0,0.02817,0.03541,1,0,0,0,2634740,3659220,0.0661,0.13745,24129999,28005199,1677000,0,3640740,4665220,,
LSE,EZH,GBP,5/17/2017,10/1/2016,9/30/2017,10/1/2015,9/30/2016,2,2,0,1,2,,,,,,2,0,0,0,0,0.00365,0.00255,2,0,0,0,1046133,1167350,0.014,0.00613,6024250,7921235,876772,0,1541265,2092715,,
LSE,GINV,SGD,5/17/2017,1/1/2017,12/31/2017,1/1/2016,12/31/2016,1,1,1,1,1,,,,,,1,0,0,0,0,0,0.00704,1,0,0,0,-1444700,7041250,-0.01445,0.02816,183921005,183072006,-3905020,5858320,2889400,9857750,,
LSE,IEH,GBP,5/17/2017,10/1/2016,9/30/2017,10/1/2015,9/30/2016,1,1,1,1,1,,,,,,0,0,0,0,0,0,0,1,0,0,0,-59900002,-18299999,-0.428,-0.025,91800003,24600000,-82699997,-19200001,-33400002,-13200000,,
LSE,NIPT,GBP,5/17/2017,4/1/2017,3/31/2018,4/1/2016,3/31/2017,2,2,1,1,2,,,,,,0,0,0,0,0,0,0,2,0,0,0,-6100000,-2540000,-0.01765,-0.0062,4115000,13410000,-6450000,-2980000,-5050000,-1090000,,
LSE,MTMY,GBP,5/17/2017,1/1/2017,12/31/2017,1/1/2016,12/31/2016,1,1,1,1,1,,,,,,1,0,0,0,0,0,0,1,0,0,0,12762500,14776200,-0.10521,0.10401,223873993,208671997,-9495400,-6666660,13838800,17337900,,
LSE,SSPG,GBP,5/17/2017,10/1/2016,9/30/2017,10/1/2015,9/30/2016,10,8,6,8,8,,,,,,1,1,6,0,2,0.054,0.0617,9,0.32936,0.37474,2,121400002,144300003,0.154,0.17595,1990300049,2241205078,72000000,84000000,200199997,231213501,,
LSE,ABZA,GBP,5/17/2017,4/1/2017,3/31/2018,4/1/2016,3/31/2017,5,5,4,5,5,,,,,,2,0,0,0,0,0,0,4,0,0,0,-9875000,-9337800,-0.062,-0.04161,18917000,29395000,-9318000,-9320000,-7860000,-5920000,,
LSE,ERGO,GBP,5/17/2017,1/1/2017,12/31/2017,1/1/2016,12/31/2016,4,4,3,4,4,,,,,,4,0,0,0,0,0,0,3,0,0,0,1637935,2640030,0.013,0.069,39233002,48599998,479000,1400000,2700000,3600000,,
LSE,EPWN,GBP,5/17/2017,1/1/2017,12/31/2017,1/1/2016,12/31/2016,3,3,3,3,3,,,,,,1,0,0,0,0,0.066,0.067,3,0,0,0,25600000,25799999,0.1377,0.14,293200012,301000000,19600000,20000000,33299999,34099998,,
LSE,BCN,CAD,5/17/2017,7/1/2016,6/30/2017,7/1/2015,6/30/2016,3,2,5,4,5,,,,,,4,0,0,0,0,0,0,3,-0.03533,-0.0288,2,-7961705,-6100000,-0.11,-0.04,114079,76128,-10295400,-6000000,-7900000,-6500000,,
LSE,SAVP,GBP,5/17/2017,1/1/2017,12/31/2017,1/1/2016,12/31/2016,1,1,1,0,0,,,,,,2,0,0,0,0,0,0,0,-0.02428,-0.01546,1,0,0,-0.02428,-0.02319,0,0,-4855740,-4629630,0,0,,
LSE,FFX,GBP,5/17/2017,1/1/2017,12/31/2017,1/1/2016,12/31/2016,1,1,1,1,0,,,,,,1,0,0,0,0,0,0,0,0,0,0,-1879000,523000,-0.0149,0.005,10194900,11160000,-1440190,523000,0,0,,
LSE,DC.,GBP,5/17/2017,5/1/2017,4/30/2018,5/1/2016,4/30/2017,12,9,7,9,8,,,,,,11,0,1,0,0,0.106,0.112,11,0.34937,0.42683,4,513500000,530200012,0.31236,0.328,10487000000,10643000000,365600006,388299988,664799988,696046021,,
LSE,ATQT,GBP,5/17/2017,1/1/2017,12/31/2017,1/1/2016,12/31/2016,1,1,0,1,1,,,,,,0,0,0,0,0,0,0,1,0,0,0,0,1063720,-0.06416,0.00988,3569000,14946900,-1791000,0,0,1509970,,
LSE,PPG,GBP,3/5/2017,5/1/2016,4/30/2017,5/1/2015,4/30/2016,0,0,1,1,1,,,,,,1,0,0,0,0,0,0,0,0,0,0,0,-380000,-0.0007,0,887500,0,-407776,-408000,0,-380000,,
LSE,CROS,GBP,5/17/2017,1/1/2017,12/31/2017,1/1/2016,12/31/2016,1,1,0,1,1,,,,,,0,0,0,0,0,0,0,1,0,0,0,-2832510,4026950,0.02185,0.03123,45750801,56377300,-8641600,0,5179460,6821170,,
LSE,GAMA,GBP,5/17/2017,1/1/2017,12/31/2017,1/1/2016,12/31/2016,2,2,1,2,2,,,,,,1,0,0,0,0,0.075,0.0825,2,0,0,0,24500000,26350000,0.211,0.22813,213500000,230949997,17700001,18600000,34200001,39200001,,
LSE,SOLI,GBP,5/17/2017,4/1/2017,3/31/2018,4/1/2016,3/31/2017,2,2,1,1,1,,,,,,0,0,0,0,0,0.12,0.1225,2,0,0,0,3170000,3313000,0.3165,0.325,39467999,41012501,1829000,2576000,3577000,3721000,,
LSE,CHOO,GBP,5/17/2017,1/1/2017,12/31/2017,1/1/2016,12/31/2016,3,2,2,2,2,,,,,,1,0,2,0,0,0,0,0,0.09853,0.13084,1,38700001,46194649,0.064,0.084,364000000,403479004,15400000,32155701,59000000,68689201,,
LSE,C4XD,GBP,5/17/2017,8/1/2016,7/31/2017,8/1/2015,7/31/2016,1,1,0,1,1,,,,,,1,0,0,0,0,0,0.08,1,0,0,0,-6760000,-7870000,-0.1683,-0.1603,279000,150000,-5321000,0,-6670000,-7710000,,
LSE,ENTU,GBP,5/17/2017,11/1/2016,10/31/2017,11/1/2015,10/31/2016,1,1,1,1,1,,,,,,0,0,0,0,0,0.005,0.01,1,0,0,0,2500000,4000000,0.042,0.047,87745003,88199997,-5622000,3100000,2700000,4300000,,
LSE,QTX,GBP,5/17/2017,1/1/2017,12/31/2017,1/1/2016,12/31/2016,2,2,2,2,1,,,,,,1,0,0,0,0,0.112,0.109,2,0,0,0,6656000,6693410,0.127,0.117,23339001,22950001,6087000,5550000,6808000,6800000,,
LSE,FEVR,GBP,5/17/2017,1/1/2017,12/31/2017,1/1/2016,12/31/2016,3,3,3,3,3,,,,,,3,0,0,0,0,0.063,0.06506,3,0.179,0.2326,1,34900002,37638100,0.237,0.26023,102237000,120900002,27497601,29989201,35799999,38900002,,
LSE,MAB1,GBP,5/17/2017,1/1/2017,12/31/2017,1/1/2016,12/31/2016,3,3,2,1,1,,,,,,2,0,0,0,0,0.183,0.207,3,0,0,0,12500000,14100000,0.2,0.22393,92848000,110000000,12919000,11600000,11600000,13500000,,
LSE,VM.,GBP,5/17/2017,1/1/2017,12/31/2017,1/1/2016,12/31/2016,19,15,15,11,0,,,,,,11,1,5,0,2,0.051,0.05881,16,0,0,0,241449997,316000000,0.291,0.3554,581400024,659513000,140100006,157606003,0,0,,
LSE,AMFW,GBP,5/17/2017,1/1/2017,12/31/2017,1/1/2016,12/31/2016,15,12,13,11,10,,,,,,6,2,6,0,1,0.074,0,9,0.53683,0.37738,4,308178497,279009003,0.504,0.42035,5440000000,4857000000,195000000,178089996,336502991,289586487,,
LSE,DALR,CAD,5/17/2017,1/1/2017,12/31/2017,1/1/2016,12/31/2016,4,2,3,3,4,,,,,,7,1,0,0,0,0,0,2,-0.035,-0.03,4,-9350000,-7000000,-0.03,-0.02367,0,0,-7820450,-9367050,-8200000,-7601900,,
LSE,TPOP,GBP,5/17/2017,1/1/2017,12/31/2017,1/1/2016,12/31/2016,1,1,0,0,1,,,,,,0,0,0,0,0,0,0,1,0,0,0,0,0,-0.062,-0.029,4000000,14400000,0,0,-6000000,-2600000,,
LSE,MTPH,GBP,5/17/2017,1/1/2017,12/31/2017,1/1/2016,12/31/2016,2,2,0,2,2,,,,,,2,0,0,0,0,0,0,2,0,0,0,-13791201,-11305731,-0.56,-0.22681,6923000,13796750,-20162001,0,-13022700,-10487230,,
LSE,TUNE,GBP,5/17/2017,9/1/2016,8/31/2017,9/1/2015,8/31/2016,2,2,2,2,2,,,,,,1,0,0,0,0,0.01975,0.0225,2,0,0,0,7388500,8368999,0.114,0.127,54300999,64382996,5387000,7379500,10224500,11513500,,
LSE,QP.,GBP,5/17/2017,2/1/2017,1/31/2018,2/1/2016,1/31/2017,2,2,1,2,2,,,,,,0,0,0,0,0,0,0,2,0,0,0,6781000,8677260,-0.067,0.03142,88769997,100350006,-22766001,4980000,9741500,11027250,,
LSE,MKT,GBP,5/17/2017,4/1/2017,3/31/2018,4/1/2016,3/31/2017,2,1,1,1,1,,,,,,1,0,1,0,0,0,0,2,0,0,0,22257299,31800400,0.01835,0.03944,37000000,41000000,17718000,28617901,79969101,124872002,,
LSE,GFIN,GBP,10/16/2016,7/1/2016,6/30/2017,7/1/2015,6/30/2016,1,1,1,1,1,,,,,,0,0,0,0,0,0,0,1,0,0,0,-3212000,-2923000,-0.0362,-0.0168,1400000,2728000,-3108000,-2648000,-2995000,-2603000,,
LSE,INDV,GBP,5/17/2017,1/1/2017,12/31/2017,1/1/2016,12/31/2016,8,7,6,7,6,,,,,,3,0,4,1,0,0,0,7,0,0,0,313195007,281917999,0.27516,0.2485,856229004,829077026,28325100,181945496,324524994,292731995,,
LSE,GMAA,GBP,5/17/2017,1/1/2017,12/31/2017,1/1/2016,12/31/2016,2,2,1,2,2,,,,,,2,0,0,0,0,0.02549,0.02566,2,0,0,0,12382100,13936300,0.34719,0.25847,164315002,161536011,13406700,9506540,13995800,15636450,,
LSE,PTSG,GBP,5/17/2017,1/1/2017,12/31/2017,1/1/2016,12/31/2016,1,1,0,1,1,,,,,,1,0,0,0,0,0.014,0.016,1,0,0,0,7900000,9200000,0.0763,0.082,39194698,44000000,2299570,0,8100000,10600000,,
LSE,JLG,GBP,5/17/2017,1/1/2017,12/31/2017,1/1/2016,12/31/2016,5,4,4,3,4,,,,,,4,0,0,0,0,0.0815,0.09659,4,0.13786,0.05718,3,199800003,170817993,0.514,0.41374,260799988,222742493,190300003,149905502,201100006,166108994,,
LSE,WIZZ,GBP,5/17/2017,4/1/2017,3/31/2018,4/1/2016,3/31/2017,15,14,12,13,11,,,,,,11,1,3,0,1,0,0,10,4.10785,3.92142,5,216298996,216253006,1.55204,1.59117,1347314941,1560989990,205164001,202925003,259731995,268971008,,
LSE,88E,AUD,5/17/2017,1/1/2017,12/31/2017,1/1/2016,12/31/2016,1,0,1,1,1,,,,,,2,0,0,0,0,0,0,0,0,0,0,-8500000,-4000000,-0.003,0.001,158627,0,-9401260,4800000,-8500000,-4000000,,
LSE,ECEL,GBP,5/17/2017,1/1/2017,12/31/2017,1/1/2016,12/31/2016,2,2,1,2,2,,,,,,2,0,0,0,0,0.085,0.09243,2,0.2079,0.1837,1,25000000,27100000,0.1993,0.2197,204815994,221255005,19601999,21700001,31115000,33789700,,
LSE,BILB,GBP,5/17/2017,4/1/2017,3/31/2018,4/1/2016,3/31/2017,1,1,1,1,1,,,,,,1,0,0,0,0,0.015,0.025,1,0,0,0,2800000,4600000,0.0538,0.0759,60000000,69829002,398000,3439000,2960000,4760000,,
LSE,PVG,GBP,5/17/2017,10/1/2016,9/30/2017,10/1/2015,9/30/2016,1,1,1,1,1,,,,,,1,0,0,0,0,0,0,1,0,0,0,-2200000,-3900000,-0.17,-0.288,3000000,2700000,1800000,800000,-2100000,-3700000,,
LSE,TECH,GBP,3/12/2017,1/1/2017,12/31/2017,1/1/2016,12/31/2016,1,1,0,0,1,,,,,,1,0,0,0,0,0.00324,0.00562,1,0,0,0,0,0,0.00728,0.01687,16266701,18151100,0,0,1294860,2248810,,
LSE,AUTO,GBP,5/17/2017,4/1/2017,3/31/2018,4/1/2016,3/31/2017,10,10,7,10,10,,,,,,5,0,2,0,3,0.05145,0.05735,10,0.16944,0.1815,4,203069504,220712494,0.15545,0.17415,310559509,332049988,155000000,166690002,213457001,228617004,,
LSE,LAKE,GBP,5/17/2017,10/1/2016,9/30/2017,10/1/2015,9/30/2016,1,1,1,1,1,,,,,,1,0,0,0,0,0.015,0.02,1,-0.02932,0,0,0,-500000,0.051,0.04,333838013,278200012,-29268000,-3800000,12500000,11300000,,
LSE,HWG,GBP,5/17/2017,1/1/2017,12/31/2017,1/1/2016,12/31/2016,2,2,2,2,1,,,,,,2,0,0,0,0,0.008,0.0081,2,0,0,0,2100000,2350000,0.137,-0.00097,33693001,14099999,39901001,31000000,2100000,2300000,,
LSE,REDX,GBP,5/17/2017,10/1/2016,9/30/2017,10/1/2015,9/30/2016,0,0,0,0,0,,,,,,1,0,0,0,0,0,0,0,0,0,0,0,0,-0.198,0,0,0,-15521000,0,0,0,,
LSE,WPHO,GBP,2/26/2017,1/1/2017,12/31/2017,1/1/2016,12/31/2016,1,1,1,1,1,,,,,,1,0,0,0,0,0,0,1,0,0,0,-2242560,4774380,-0.0666,0.1395,2151310,14881800,-2240840,4690880,-2192630,4846700,,
LSE,SHAW,GBP,5/17/2017,1/1/2017,12/31/2017,1/1/2016,12/31/2016,10,6,5,4,0,,,,,,2,0,6,0,1,0.027,0.10439,9,0,0,0,186300003,191850006,0.268,0.34748,197199997,249774994,64800003,87800003,0,0,,
LSE,BCA,GBP,5/17/2017,4/1/2017,3/31/2018,4/1/2016,3/31/2017,3,3,1,3,3,,,,,,2,0,0,0,0,0.066,0.07928,3,0,0,0,105000000,121699997,0.09019,0.107,1871800049,2105600098,72400002,85900002,128500000,147300003,,
LSE,BOTB,GBP,5/17/2017,5/1/2017,4/30/2018,5/1/2016,4/30/2017,1,1,0,0,1,,,,,,0,0,0,0,0,0.014,0.015,1,0,0,0,0,0,0.113,0.124,11200000,12100000,0,0,1500000,1700000,,
LSE,MMH,GBP,5/17/2017,1/1/2017,12/31/2017,1/1/2016,12/31/2016,2,3,3,3,3,,,,,,1,0,0,0,0,0.055,0.058,3,0,0,0,32299999,35299999,0.262,0.26,1899400024,2178000000,17761999,20200001,38599998,44299999,,
LSE,MTFB,GBP,5/17/2017,1/1/2017,12/31/2017,1/1/2016,12/31/2016,4,3,3,3,3,,,,,,3,0,0,0,0,0,0,1,0,0,0,-25307301,-30836599,-0.28325,-0.12613,0,0,-32633999,-30835800,-28648849,-24694300,,
LSE,CARR,GBP,5/17/2017,9/1/2016,8/31/2017,9/1/2015,8/31/2016,3,3,3,3,3,,,,,,1,0,1,0,0,0.038,0.039,3,0,0,0,12800000,9600000,0.109,0.086,314907013,335000000,13988000,7700000,16500000,13600000,,
LSE,HVO,GBP,5/17/2017,1/1/2017,12/31/2017,1/1/2016,12/31/2016,1,1,1,1,1,,,,,,0,1,0,0,0,0,0,0,0,0,0,-19400000,-17500000,-0.229,-0.168,19850000,10000000,-17881001,-13300000,-17900000,-16299999,,
LSE,PXOG,GBP,11/27/2016,1/1/2016,12/31/2016,1/1/2015,12/31/2015,1,0,1,1,0,,,,,,1,0,0,0,0,0,0,0,0,0,0,-500000,-700000,-0.016,-0.005,0,0,-500000,-700000,0,0,,
LSE,IL0A,EUR,5/17/2017,1/1/2017,12/31/2017,1/1/2016,12/31/2016,7,5,6,5,1,,,,,,4,0,4,0,0,0,0,7,0,0,0,120000000,132000000,0.22256,0.23712,461000000,459000000,-276000000,119942505,150000000,157225006,,
LSE,IDHC,USD,5/17/2017,1/1/2017,12/31/2017,1/1/2016,12/31/2016,4,3,2,1,2,,,,,,1,0,3,0,0,0.0422,0.05859,4,0,0,0,25890699,27752701,0.09597,0.13287,64568100,74500000,14362800,20003750,28353550,31448502,,
LSE,MAYA,GBP,5/17/2017,1/1/2017,12/31/2017,1/1/2016,12/31/2016,1,1,1,1,0,,,,,,1,0,0,0,0,0,0,1,0,0,0,5017600,5595300,0.07284,0.08793,53091000,58990398,2894830,4396300,0,0,,
LSE,CBP,GBP,5/17/2017,1/1/2017,12/31/2017,1/1/2016,12/31/2016,2,1,1,1,1,,,,,,1,0,0,0,0,0.04,0.05,1,0.00183,0.00233,1,8500000,11166300,0.1107,0.15179,291369995,42397701,3829000,7311940,8541310,11167300,,
LSE,VSN,GBP,5/17/2017,1/1/2017,12/31/2017,1/1/2016,12/31/2016,2,3,2,3,0,,,,,,3,0,0,0,0,0,0,0,0,0,0,-14031400,-18132099,-0.10521,-0.11689,0,0,-15766600,-19185001,0,0,,
LSE,S32,AUD,5/17/2017,7/1/2016,6/30/2017,7/1/2015,6/30/2016,27,25,23,24,25,,,,,,12,1,4,1,4,0.01306,0.12175,19,0.24815,0.46303,11,467651459,2370121826,0.03415,0.30301,7634807617,9337092773,181280151,1615900024,1485712158,3290761719,,
LSE,EHG,GBP,5/17/2017,10/1/2016,9/30/2017,10/1/2015,9/30/2016,3,3,1,3,3,,,,,,2,0,0,0,0,0.05665,0.05598,3,0,0,0,13191400,10796100,0.10602,0.07917,46114101,47582802,11152000,799712,15862100,13675000,,
LSE,VTA,EUR,5/8/2016,8/1/2015,7/31/2016,8/1/2014,7/31/2015,0,0,0,0,0,,,,,,1,0,0,0,0,0,0,0,0,0,0,0,0,0,0,59050201,0,0,0,0,0,,
LSE,G4M,GBP,5/17/2017,3/1/2017,2/28/2018,2/29/2016,2/28/2017,2,2,2,2,2,,,,,,1,0,0,0,0,0,0,2,0,0,0,2616000,2724000,0.114,0.1055,56127998,79363998,2314000,2096500,3630500,4070500,,
LSE,FISH,GBP,5/17/2017,1/1/2017,12/31/2017,1/1/2016,12/31/2016,1,1,0,0,1,,,,,,1,0,0,0,0,0,0,0,0,0,0,0,0,0.0096,0.01,5799060,5700000,320771,0,300000,500000,,
LSE,GTLY,GBP,5/17/2017,5/1/2017,4/30/2018,5/1/2016,4/30/2017,1,1,0,1,1,,,,,,1,0,0,0,0,0.0694,0.076,1,0,0,0,13100000,14300000,0.098,0.107,75099998,76599998,0,0,14300000,15500000,,
LSE,ADGO,GBP,4/3/2016,1/1/2016,12/31/2016,1/1/2015,12/31/2015,0,0,0,0,0,,,,,,0,0,1,0,0,0.01344,0,0,0,0,0,1340250,0,0.01802,0,14167300,0,0,0,1351670,0,,
LSE,PSDL,GBP,5/17/2017,1/1/2017,12/31/2017,1/1/2016,12/31/2016,1,1,1,1,1,,,,,,1,0,0,0,0,0.05378,0.0573,1,0,0,0,5356330,6084200,0.34144,0.02359,13601200,15671000,31581400,20391500,5356330,6084200,,
LSE,PRTC,GBP,5/17/2017,1/1/2017,12/31/2017,1/1/2016,12/31/2016,4,3,3,4,4,,,,,,5,0,0,0,0,0,0,3,-0.37935,-0.41278,1,-67177849,-80990547,-0.16995,-0.26012,3585960,471729,-39486900,-75172897,-70978500,-78220200,,
LSE,APGN,EUR,5/17/2017,1/1/2017,12/31/2017,1/1/2016,12/31/2016,3,3,2,3,3,,,,,,3,0,0,0,0,0.013,0.015,3,0,0.614,1,19896000,24380400,0.20639,0.22969,1177640015,1411699951,17200001,19500000,32000000,37380402,,
LSE,KCR,GBP,9/25/2016,,,7/1/2015,6/30/2016,,,,,,,,,,,,,,,,0,,,0,,,0,,-0.001,,150453995,,-23900000,,0,,,
LSE,KNOS,GBP,5/17/2017,4/1/2017,3/31/2018,4/1/2016,3/31/2017,1,1,0,1,1,,,,,,2,0,0,0,0,0.059,0.065,1,0,0,0,14200000,15100000,0.1,0.106,82400002,90300003,0,0,15000000,15900000,,
LSE,JOG,GBP,5/17/2017,1/1/2017,12/31/2017,1/1/2016,12/31/2016,1,1,0,1,1,,,,,,2,0,0,0,0,0,0,0,0,0,0,-800000,-1500000,-0.0928,-0.144,0,0,-793439,0,-790100,-1500000,,
LSE,PDZ,AUD,5/17/2017,7/1/2016,6/30/2017,7/1/2015,6/30/2016,0,0,0,0,0,,,,,,1,0,0,0,0,0,0,0,0,0,0,0,0,-0.0452,0,309969,0,-6761400,0,0,0,,
LSE,OTB,GBP,5/17/2017,10/1/2016,9/30/2017,10/1/2015,9/30/2016,4,4,4,4,4,,,,,,4,0,0,0,0,0.022,0.0295,4,0,0.14576,2,21200001,27876150,0.13,0.174,71320999,85543106,14307000,21080950,23150000,30395451,,
LSE,ASA,GBP,9/6/2015,4/1/2015,3/31/2016,4/1/2014,3/31/2015,1,1,1,1,1,,,,,,0,0,0,0,0,0,0,1,0,0,0,0,6916720,0.0016,0.00208,97685402,107607002,2281220,3074820,0,15344200,,
LSE,HSTG,GBP,5/17/2017,1/1/2017,12/31/2017,1/1/2016,12/31/2016,9,8,7,7,4,,,,,,6,0,4,0,2,0.099,0.1115,10,0.15047,0.15804,1,129250000,176977005,0.147,0.192,590299988,899599976,78400002,118259003,132100006,179764496,,
LSE,WPG,GBP,5/17/2017,1/1/2017,12/31/2017,1/1/2016,12/31/2016,16,15,15,15,15,,,,,,11,0,6,0,0,0.02,0.0242,14,0.16024,0.19288,7,389000000,410899994,0.123,0.13483,1124199951,1259000000,131500000,201328003,467600006,523700012,,
LSE,ATYM,GBP,5/17/2017,1/1/2017,12/31/2017,1/1/2016,12/31/2016,5,5,4,5,5,,,,,,5,0,0,0,0,0,0,4,0.00101,0.10063,3,2475430,30192900,0.08707,0.22174,84308296,148910004,10274700,24498199,13145400,40731899,,
LSE,IBST,GBP,5/17/2017,1/1/2017,12/31/2017,1/1/2016,12/31/2016,11,10,7,10,9,,,,,,8,1,2,0,0,0.077,0.084,9,0.2283,0.22303,6,91942902,95538055,0.18,0.18744,434687012,463349976,90362999,68699997,111633003,118014000,,
LSE,EQN,GBP,5/17/2017,1/1/2017,12/31/2017,1/1/2016,12/31/2016,5,3,1,2,3,,,,,,4,1,0,0,0,0.0475,0.05191,4,0.16412,0.18101,1,55446999,74849998,0.158,0.166,382600006,400000000,30500000,49785000,90599998,94935997,,
LSE,GHS,GBP,5/17/2017,4/1/2017,3/31/2018,4/1/2016,3/31/2017,0,0,0,0,0,,,,,,1,0,0,0,0,0,0,1,0,0,0,0,0,0,0,0,0,0,0,0,0,,
LSE,HSW,GBP,5/17/2017,1/1/2017,12/31/2017,1/1/2016,12/31/2016,5,5,4,5,5,,,,,,3,0,2,0,0,0.12975,0.13041,5,0.16202,0.18644,2,16901199,17114799,0.17072,0.16893,68726700,71830704,669222,15729601,20400999,20990601,,
LSE,UAI,GBP,5/17/2017,3/1/2017,2/28/2018,2/29/2016,2/28/2017,2,0,0,0,0,,,,,,2,0,0,0,0,0.179,0.119,1,0,0,0,0,0,0.067,0.19738,123931000,0,-3003000,0,0,0,,
LSE,RGL,GBP,5/17/2017,1/1/2017,12/31/2017,1/1/2016,12/31/2016,2,1,1,1,1,,,,,,1,0,0,0,0,0.0435,0.081,2,0,0,0,23927000,45453999,0.077,0.08675,42993999,52813000,13418000,31549000,30160000,37950001,,
LSE,GHG,GBP,5/17/2017,1/1/2017,12/31/2017,1/1/2016,12/31/2016,5,4,4,4,4,,,,,,3,1,1,0,0,0,0,2,0,0,0,17904850,31662550,0.0735,0.13992,129522003,254421494,15247800,20326950,23933950,40281300,,
LSE,TFG,USD,4/16/2017,1/1/2017,12/31/2017,1/1/2016,12/31/2016,0,0,0,0,0,,,,,,1,0,0,0,0,0,0,0,0,0,0,0,0,1.37,0,184100006,0,116500000,0,0,0,,
LSE,PAYS,GBP,5/17/2017,1/1/2017,12/31/2017,1/1/2016,12/31/2016,10,8,5,8,8,,,,,,8,0,1,0,0,0,0,8,0.43964,0.46919,4,216354996,225192505,0.3399,0.3711,809517029,874729980,114935997,143227997,243434006,263674500,,
LSE,FARN,GBP,5/17/2017,1/1/2017,12/31/2017,1/1/2016,12/31/2016,1,1,1,1,1,,,,,,1,0,0,0,0,0,0,1,0,0,0,-7153160,-11911000,-0.3329,-0.45617,9842000,847801,-7933350,-12722400,-7008050,-11953900,,
LSE,WTG,GBP,5/17/2017,1/1/2017,12/31/2017,1/1/2016,12/31/2016,1,1,0,0,1,,,,,,0,0,0,0,0,0,0,1,-0.48913,-0.17391,1,0,0,-0.415,-0.1413,63756001,61500000,-69061996,0,-9800000,-5000000,,
LSE,TLOU,AUD,5/17/2017,7/1/2016,6/30/2017,7/1/2015,6/30/2016,1,1,1,1,0,,,,,,0,0,0,0,0,0,0,0,0,0,0,0,-2265000,-0.015,-0.01,27857,0,-3065580,-2263000,0,0,,
LSE,SO4,AUD,5/17/2017,7/1/2016,6/30/2017,7/1/2015,6/30/2016,1,0,1,1,1,,,,,,1,0,0,0,0,0,0,0,0,-0.027,1,0,-9000000,-0.0413,-0.063,0,0,-4645020,-8400000,0,-4000000,,
LSE,DFX,GBP,5/7/2017,1/1/2017,12/31/2017,1/1/2016,12/31/2016,1,1,0,1,0,,,,,,1,0,0,0,0,0,0,0,0,0,0,1451110,2750310,0.14426,0.21487,6050440,10141700,1042400,0,0,0,,
LSE,WEY,GBP,5/17/2017,9/1/2016,8/31/2017,9/1/2015,8/31/2016,1,1,0,0,1,,,,,,1,0,0,0,0,0,0,1,0,0,0,0,0,-0.0099,0.0015,1515820,2600000,-825757,0,-200000,300000,,
LSE,KRS,GBP,7/12/2015,10/1/2014,9/30/2015,10/1/2013,9/30/2014,1,1,0,0,1,,,,,,0,0,0,0,0,0,0,2,0,0,0,-1000000,0,0,0,0,0,-1000000,0,-1000000,-1000000,,
LSE,PURP,GBP,5/17/2017,5/1/2017,4/30/2018,5/1/2016,4/30/2017,6,5,4,4,5,,,,,,3,0,0,0,2,0,0,5,-0.03205,-0.03851,2,-7000000,-7013295,-0.032,-0.03827,43700001,79599998,-8950000,-14350000,-6600000,-9900000,,
LSE,DNL,GBP,5/17/2017,7/1/2016,6/30/2017,7/1/2015,6/30/2016,4,3,3,4,3,,,,,,3,0,0,0,0,0,0,1,0,0,0,-5880000,-14325000,-0.15,-0.2435,0,0,-6571000,-13300000,-6135000,-14640000,,
LSE,CMCX,GBP,5/17/2017,4/1/2017,3/31/2018,4/1/2016,3/31/2017,3,3,3,2,3,,,,,,0,0,2,0,1,0.0686,0.0545,3,0,0,0,44641602,33199200,0.118,0.09,156800003,143600006,34099998,25900999,49599998,39306999,,
LSE,CYBG,GBP,5/17/2017,10/1/2016,9/30/2017,10/1/2015,9/30/2016,13,11,12,9,0,,,,,,3,0,3,1,4,0,0.03,13,0,0,0,260000000,303000000,0.162,0.18518,997000000,1012440002,-164000000,104949997,0,0,,
LSE,PPB,GBP,5/17/2017,1/1/2017,12/31/2017,1/1/2016,12/31/2016,14,11,5,7,11,,,,,,9,2,2,0,1,1.65,2.003,13,3.18498,5.36273,5,330200012,401100006,3.333,4.0455,1500800049,1750099976,266600006,336125000,400000000,474700012,,
LSE,ASCL,GBP,5/17/2017,1/1/2017,12/31/2017,1/1/2016,12/31/2016,8,7,4,7,7,,,,,,6,0,2,0,0,0.047,0.0529,8,0.16891,0.25528,4,83000000,104400002,0.155,0.17256,357500000,380092987,15600000,61424999,100099998,120400002,,
LSE,STX,GBP,5/17/2017,1/1/2017,12/31/2017,1/1/2016,12/31/2016,2,2,2,2,2,,,,,,2,0,0,0,0,0,0,2,0,0,0,-10300000,-17940651,-0.09,-0.14596,304000,913380,-15016000,-18450001,-10100000,-17483799,,
LSE,WINE,GBP,5/17/2017,4/1/2017,3/31/2018,4/1/2016,3/31/2017,3,3,1,3,3,,,,,,2,0,1,0,1,0.04489,0.062,3,0.0039,0.09288,1,12959801,17936501,0.125,0.167,456399994,493200012,8800000,12200000,20558599,25175501,,
LSE,TOWN,GBP,5/17/2017,7/1/2016,6/30/2017,7/1/2015,6/30/2016,1,1,1,1,1,,,,,,1,0,0,0,0,0.11,0.11545,1,0,0,0,15096000,15096000,0.124,0.14031,18604000,27390200,11921000,20200001,14647000,15428900,,
LSE,CITY,GBP,5/17/2017,1/1/2017,12/31/2017,1/1/2016,12/31/2016,3,3,3,3,3,,,,,,2,0,0,0,0,0,0,3,-0.00011,0.00015,1,-1445310,2982070,-0.05,-0.02258,15363000,23497999,-12584000,-6000000,2484680,8262000,,
LSE,MTRO,GBP,5/17/2017,1/1/2017,12/31/2017,1/1/2016,12/31/2016,9,8,8,4,0,,,,,,2,0,1,0,6,0,0,4,0,0,0,-12000000,34742802,-0.14726,0.286,195106003,297695007,-16753000,24685001,0,0,,
LSE,YU.,GBP,5/17/2017,1/1/2017,12/31/2017,1/1/2016,12/31/2016,1,1,1,1,1,,,,,,1,0,0,0,0,0.0225,0.03,1,0,0,0,200000,2300000,0.01,0.147,16264000,34000000,-1359000,1300000,300000,2500000,,
LSE,PRSM,GBP,5/17/2017,11/1/2016,10/31/2017,11/1/2015,10/31/2016,1,1,1,1,1,,,,,,1,0,0,0,0,0,0,1,0,0,0,-4400000,-8100000,-0.1053,-0.117,9644000,20000000,-5318000,-8600000,-4400000,-8000000,,
LSE,ONEV,GBP,5/17/2017,4/1/2017,3/31/2018,4/1/2016,3/31/2017,0,1,1,0,1,,,,,,1,0,0,0,0,0,0,0,0,0,0,0,0,0,0,2427870,6428800,-3123050,-102057,-2539550,947445,,
LSE,SALV,GBP,5/17/2017,1/1/2017,12/31/2017,1/1/2016,12/31/2016,1,0,1,1,1,,,,,,1,0,0,0,0,0,0,0,0,0,0,-2450000,-2100000,-0.07,-0.06,0,0,-2450000,-2100000,-2000000,-2000000,,
LSE,WJG,GBP,5/17/2017,10/1/2016,9/30/2017,10/1/2015,9/30/2016,2,2,2,2,2,,,,,,1,0,0,0,0,0.04,0.06288,2,0.197,0.1556,1,37900002,41000000,0.23489,0.13344,266980011,267350006,4207000,34049999,39849998,42950001,,
LSE,HW.,GBP,5/17/2017,11/1/2016,10/31/2017,11/1/2015,10/31/2016,1,1,0,1,1,,,,,,0,0,0,0,0,0.02885,0.02957,1,0,0,0,2738730,3571910,0.0024,0.04879,11605000,19868900,118000,0,2742730,3574910,,
LSE,JRP,GBP,5/17/2017,1/1/2017,12/31/2017,1/1/2016,12/31/2016,6,4,4,5,0,,,,,,4,0,3,0,0,0,0.0368,5,0,0,0,0,169000000,0.1003,0.1505,2448600098,2720000000,210699997,88449997,0,0,,
LSE,BLTG,GBP,5/17/2017,7/1/2016,6/30/2017,7/1/2015,6/30/2016,6,6,5,6,5,,,,,,2,0,0,0,1,0.02,0.021,6,-0.08107,0.00012,1,6090000,8150000,0.1282,0.08917,22386999,31950001,-24837999,0,6202000,9600000,,
LSE,AMYT,GBP,5/17/2017,1/1/2017,12/31/2017,1/1/2016,12/31/2016,1,1,1,1,1,,,,,,1,0,0,0,0,0,0,1,0,0,0,-4950870,-11182600,-0.0408,-0.0589,1153210,9731430,-6661480,-12292300,-4780150,-9304610,,
LSE,FORT,GBP,5/17/2017,1/1/2017,12/31/2017,1/1/2016,12/31/2016,9,8,6,8,7,,,,,,7,0,1,0,0,0.058,0.09225,8,0.1903,0.23287,5,60200001,63422050,0.214,0.23402,294500000,308350006,27500000,47180950,70599998,74544098,,
LSE,PIER,GBP,5/17/2017,7/1/2016,6/30/2017,7/1/2015,6/30/2016,2,2,2,2,2,,,,,,2,0,0,0,0,0,0,1,0,0,0,1090000,3500000,0.041,0.089,22591999,31750000,-96000,2150000,2275000,5150000,,
LSE,MCL,GBP,5/17/2017,3/1/2017,2/28/2018,2/29/2016,2/28/2017,4,4,1,1,0,,,,,,1,1,1,0,0,0.064,0.0695,4,0,0,0,18600000,19900000,0.108,0.1155,99578003,108900002,8600000,10300000,0,0,,
LSE,HOTC,GBP,5/17/2017,7/1/2016,6/30/2017,7/1/2015,6/30/2016,2,2,1,1,2,,,,,,1,0,1,0,0,0,0.0155,2,0,0,0,9000000,11100000,0.06479,0.0755,91089798,102050003,4100000,8500000,12200000,14850000,,
LSE,BBSN,GBP,5/17/2017,1/1/2017,12/31/2017,1/1/2016,12/31/2016,1,1,0,0,1,,,,,,1,0,0,0,0,0,0,0,0,0,0,0,0,-0.0044,-0.003,17719000,8800000,-5896000,0,-1800000,-500000,,
LSE,MOTR,GBP,5/17/2017,4/1/2017,3/31/2018,4/1/2016,3/31/2017,2,3,1,2,3,,,,,,1,0,0,0,0,0.031,0.054,3,0,0,0,16014999,19869999,0.1215,0.1585,806299988,916400024,8200000,14200000,17670000,21920000,,
LSE,ONC,GBP,5/17/2017,6/1/2016,5/31/2017,6/1/2015,5/31/2016,1,1,1,1,1,,,,,,0,0,0,0,0,0,0,0,0,0,0,-3500000,-6400000,-0.104,-0.124,400000,500000,-8400000,-6400000,-3500000,-6200000,,
LSE,JOUL,GBP,5/17/2017,6/1/2016,5/31/2017,6/1/2015,5/31/2016,3,3,2,3,3,,,,,,3,0,0,0,0,0,0.0168,3,0.1649,0,0,8000000,9593700,0.069,0.0839,131261993,154000000,-1793000,7250000,13500000,15900000,,
LSE,DCTA,GBP,5/17/2017,1/1/2017,12/31/2017,1/1/2016,12/31/2016,0,0,0,0,0,,,,,,0,0,1,0,0,0,0,0,0,0,0,0,0,-0.16218,0,629980,0,-5481820,0,0,0,,
LSE,CALL,GBP,5/17/2017,1/1/2017,12/31/2017,1/1/2016,12/31/2016,1,1,1,1,1,,,,,,1,0,0,0,0,0,0,1,0,0,0,-3700000,-2100000,-0.2,-0.1,4855000,6700000,-3011000,-1700000,-3100000,-1700000,,
LSE,THS,ZAR,5/17/2017,10/1/2016,9/30/2017,10/1/2015,9/30/2016,4,4,4,4,4,,,,,,4,0,0,0,0,0.13721,0.71749,3,0.54228,6.15652,3,450196991,2800979980,0.7617,6.98503,3065250000,5907600098,195292007,1793110107,582994995,2981344971,,
LSE,TMO,GBP,5/17/2017,1/1/2017,12/31/2017,1/1/2016,12/31/2016,1,1,1,1,1,,,,,,1,0,0,0,0,0,0,1,0,0,0,-14061000,-18066000,-0.189,-0.176,35736000,45285000,-18462000,-23266001,-10231000,-14666000,,
LSE,ACRL,GBP,4/16/2017,5/1/2016,4/30/2017,5/1/2015,4/30/2016,1,2,2,2,2,,,,,,0,0,0,0,0,0,0,0,0,0,0,9450000,12450001,0.08651,0.156,118219002,137850006,5705000,7050000,13600000,16418499,,
LSE,PAGE,GBP,5/17/2017,1/1/2017,12/31/2017,1/1/2016,12/31/2016,17,14,10,14,14,,,,,,5,1,8,1,2,0.12,0.127,15,0.284,0.28718,5,100952003,111000000,0.231,0.256,1196119995,1330304932,72096001,81788345,118000000,128299988,,
LSE,GROW,GBP,5/17/2017,4/1/2017,3/31/2018,4/1/2016,3/31/2017,1,1,1,1,0,,,,,,2,0,0,0,0,0,0,0,0,0,0,35599998,13400000,0.568,0.367,2100000,2900000,35400002,14000000,0,0,,
LSE,RTHM,GBP,5/17/2017,4/1/2017,3/31/2018,4/1/2016,3/31/2017,3,3,1,3,3,,,,,,3,0,0,0,0,0,0,3,0,0,0,-5260390,6697030,-0.01206,0.01389,141625000,170847000,-14162500,-2006170,971149,11728300,,
LSE,REDS,GBP,5/17/2017,2/1/2017,1/31/2018,2/1/2016,1/31/2017,1,1,1,1,1,,,,,,1,0,0,0,0,0,0,1,0,0,0,1200000,2200000,0.001,0.001,41521000,49900002,2105000,2000000,0,3200000,,
LSE,VLTY,GBP,5/17/2017,1/1/2017,12/31/2017,1/1/2016,12/31/2016,1,1,1,1,1,,,,,,1,0,0,0,0,0,0,0,0,0,0,0,4255200,0.02561,0.04827,4867220,8321880,0,4191700,1723410,3608010,,
LSE,D4T4,GBP,5/17/2017,4/1/2017,3/31/2018,4/1/2016,3/31/2017,1,1,0,1,1,,,,,,0,0,0,0,0,0.022,0.0242,1,0,0,0,4088440,4661150,0.09865,0.0995,17663401,23160700,0,0,4267440,4861150,,
LSE,GDR,GBP,7/24/2016,7/1/2016,6/30/2017,7/1/2015,6/30/2016,1,1,0,0,1,,,,,,1,0,0,0,0,0,0,1,0.25784,0.50254,1,0,0,-0.45736,-0.34054,4942590,7200000,0,0,-3948300,-2501960,,
LSE,TAX,GBP,5/17/2017,1/1/2017,12/31/2017,1/1/2016,12/31/2016,1,1,1,1,1,,,,,,0,0,0,0,0,0,0,1,0,0,0,2664000,6238720,-0.098,0.04244,5753000,14748600,-3740000,-2600000,2714000,6968720,,
LSE,SECG,GBP,1/15/2017,1/1/2017,12/31/2017,1/1/2016,12/31/2016,1,1,0,0,1,,,,,,1,0,0,0,0,0.00615,0.01055,1,0,0,0,0,0,0.05713,0.10811,18986000,22238199,0,0,1845860,3340130,,
LSE,FRAN,GBP,5/17/2017,1/1/2017,12/31/2017,1/1/2016,12/31/2016,1,1,1,1,1,,,,,,0,0,0,0,0,0.0017,0.005,1,0,0,0,791000,2698000,0.0239,0.0272,4870000,24990000,524000,1921000,1352000,3033000,,
LSE,TBCG,GBP,5/17/2017,1/1/2017,12/31/2017,1/1/2016,12/31/2016,7,3,4,3,0,,,,,,7,0,0,0,0,0.4131,0.55461,6,0,0,0,112075996,257045990,1.79201,2.12042,176382004,278411987,90859802,122261497,0,0,,
LSE,LOOP,GBP,5/17/2017,1/1/2017,12/31/2017,1/1/2016,12/31/2016,1,1,0,1,1,,,,,,1,0,0,0,0,0,0,0,0,0,0,400000,720000,0.005,0.016,13559000,17299999,0,0,2100000,3120000,,
LSE,GATC,GBP,5/17/2017,8/1/2016,7/31/2017,8/1/2015,7/31/2016,2,2,0,2,1,,,,,,1,0,0,0,0,0.23,0.23,2,0,0,0,19148499,17757000,0.31,0.347,617604004,633874023,9917000,0,21299999,18500000,,
LSE,FIH,GBP,5/17/2017,4/1/2017,3/31/2018,4/1/2016,3/31/2017,1,1,0,0,0,,,,,,0,1,0,0,0,0,0,1,0,0,0,0,0,0.152,0.146,41000000,41000000,0,0,0,0,,
LSE,AURA,AUD,7/5/2015,7/1/2015,6/30/2016,7/1/2014,6/30/2015,1,0,1,0,0,,,,,,0,0,0,0,0,0,0,0,0,0,0,0,0,0,0,0,0,0,-3000000,0,0,,
LSE,BOWL,GBP,5/17/2017,10/1/2016,9/30/2017,10/1/2015,9/30/2016,1,1,1,1,1,,,,,,1,0,0,0,0,0.002,0.053,1,0,0,0,19500000,21100000,0.1323,0.106,106632004,114400002,1187000,15500000,29400000,32200001,,
LSE,BNN,GBP,11/13/2016,1/1/2016,12/31/2016,1/1/2015,12/31/2015,1,1,1,1,1,,,,,,1,0,0,0,0,0,0,0,0,0,0,-7800000,-2300000,0.0805,-0.028,5518590,15200000,-11366000,-5100000,-7500000,-2200000,,
LSE,LUCE,GBP,5/17/2017,1/1/2017,12/31/2017,1/1/2016,12/31/2016,2,2,2,2,1,,,,,,1,1,0,0,0,0.003,0.02,2,0,0.07556,1,17600000,21150002,0.085,0.1005,133753006,156700012,9657000,16150000,19700001,24299999,,
